;; -*- mode: org; mode: beancount; -*-
;; Birth: 1980-05-12
;; Dates: 2021-01-01 - 2023-09-17
;; THIS FILE HAS BEEN AUTO-GENERATED.
* Options

option "title" "Example Beancount file"
option "operating_currency" "USD"




* Commodities


1792-01-01 commodity USD
  export: "CASH"
  name: "US Dollar"

1900-01-01 commodity VMMXX
  export: "MUTF:VMMXX (MONEY:USD)"

1980-05-12 commodity VACHR
  export: "IGNORE"
  name: "Employer Vacation Hours"

1980-05-12 commodity IRAUSD
  export: "IGNORE"
  name: "US 401k and IRA Contributions"

1995-09-18 commodity VBMPX
  export: "MUTF:VBMPX"
  name: "Vanguard Total Bond Market Index Fund Institutional Plus Shares"
  price: "USD:google/MUTF:VBMPX"

2004-01-20 commodity ITOT
  export: "NYSEARCA:ITOT"
  name: "iShares Core S&P Total U.S. Stock Market ETF"
  price: "USD:google/NYSEARCA:ITOT"

2004-01-26 commodity VHT
  export: "NYSEARCA:VHT"
  name: "Vanguard Health Care ETF"
  price: "USD:google/NYSEARCA:VHT"

2004-11-01 commodity GLD
  export: "NYSEARCA:GLD"
  name: "SPDR Gold Trust (ETF)"
  price: "USD:google/NYSEARCA:GLD"

2007-07-20 commodity VEA
  export: "NYSEARCA:VEA"
  name: "Vanguard FTSE Developed Markets ETF"
  price: "USD:google/NYSEARCA:VEA"

2009-05-01 commodity RGAGX
  export: "MUTF:RGAGX"
  name: "American Funds The Growth Fund of America Class R-6"
  price: "USD:google/MUTF:RGAGX"



* Equity Accounts

1980-05-12 open Equity:Opening-Balances
1980-05-12 open Liabilities:AccountsPayable



* Banking

2021-01-01 open Assets:US:BofA
  address: "123 America Street, LargeTown, USA"
  institution: "Bank of America"
  phone: "+1.012.345.6789"
2021-01-01 open Assets:US:BofA:Checking                        USD
  account: "00234-48574897"

2021-01-01 * "Opening Balance for checking account"
  Assets:US:BofA:Checking                         4994.51 USD
  Equity:Opening-Balances                        -4994.51 USD

2021-01-02 balance Assets:US:BofA:Checking        4994.51 USD

2021-01-04 * "BANK FEES" "Monthly bank fee"
  Assets:US:BofA:Checking                           -4.00 USD
  Expenses:Financial:Fees                            4.00 USD

2021-01-05 * "RiverBank Properties" "Paying the rent"
  Assets:US:BofA:Checking                        -2400.00 USD
  Expenses:Home:Rent                              2400.00 USD

2021-01-08 * "EDISON POWER" ""
  Assets:US:BofA:Checking                          -65.00 USD
  Expenses:Home:Electricity                         65.00 USD

2021-01-18 * "Verizon Wireless" ""
  Assets:US:BofA:Checking                          -57.17 USD
  Expenses:Home:Phone                               57.17 USD

2021-01-22 * "Wine-Tarner Cable" ""
  Assets:US:BofA:Checking                          -79.98 USD
  Expenses:Home:Internet                            79.98 USD

2021-01-28 balance Assets:US:BofA:Checking        4843.53 USD

2021-02-04 * "BANK FEES" "Monthly bank fee"
  Assets:US:BofA:Checking                           -4.00 USD
  Expenses:Financial:Fees                            4.00 USD

2021-02-06 * "RiverBank Properties" "Paying the rent"
  Assets:US:BofA:Checking                        -2400.00 USD
  Expenses:Home:Rent                              2400.00 USD

2021-02-08 * "EDISON POWER" ""
  Assets:US:BofA:Checking                          -65.00 USD
  Expenses:Home:Electricity                         65.00 USD

2021-02-18 * "Verizon Wireless" ""
  Assets:US:BofA:Checking                          -45.48 USD
  Expenses:Home:Phone                               45.48 USD

2021-02-21 * "Wine-Tarner Cable" ""
  Assets:US:BofA:Checking                          -80.25 USD
  Expenses:Home:Internet                            80.25 USD

2021-02-24 balance Assets:US:BofA:Checking        4306.51 USD

2021-03-04 * "BANK FEES" "Monthly bank fee"
  Assets:US:BofA:Checking                           -4.00 USD
  Expenses:Financial:Fees                            4.00 USD

2021-03-06 * "RiverBank Properties" "Paying the rent"
  Assets:US:BofA:Checking                        -2400.00 USD
  Expenses:Home:Rent                              2400.00 USD

2021-03-09 * "EDISON POWER" ""
  Assets:US:BofA:Checking                          -65.00 USD
  Expenses:Home:Electricity                         65.00 USD

2021-03-20 * "Verizon Wireless" ""
  Assets:US:BofA:Checking                          -64.47 USD
  Expenses:Home:Phone                               64.47 USD

2021-03-23 balance Assets:US:BofA:Checking        3807.76 USD

2021-03-23 * "Wine-Tarner Cable" ""
  Assets:US:BofA:Checking                          -80.06 USD
  Expenses:Home:Internet                            80.06 USD

2021-04-03 * "RiverBank Properties" "Paying the rent"
  Assets:US:BofA:Checking                        -2400.00 USD
  Expenses:Home:Rent                              2400.00 USD

2021-04-04 * "BANK FEES" "Monthly bank fee"
  Assets:US:BofA:Checking                           -4.00 USD
  Expenses:Financial:Fees                            4.00 USD

2021-04-09 * "EDISON POWER" ""
  Assets:US:BofA:Checking                          -65.00 USD
  Expenses:Home:Electricity                         65.00 USD

2021-04-18 balance Assets:US:BofA:Checking        3264.93 USD

2021-04-20 * "Verizon Wireless" ""
  Assets:US:BofA:Checking                          -46.39 USD
  Expenses:Home:Phone                               46.39 USD

2021-04-23 * "Wine-Tarner Cable" ""
  Assets:US:BofA:Checking                          -80.10 USD
  Expenses:Home:Internet                            80.10 USD

2021-05-04 * "BANK FEES" "Monthly bank fee"
  Assets:US:BofA:Checking                           -4.00 USD
  Expenses:Financial:Fees                            4.00 USD

2021-05-06 * "RiverBank Properties" "Paying the rent"
  Assets:US:BofA:Checking                        -2400.00 USD
  Expenses:Home:Rent                              2400.00 USD

2021-05-09 * "EDISON POWER" ""
  Assets:US:BofA:Checking                          -65.00 USD
  Expenses:Home:Electricity                         65.00 USD

2021-05-11 balance Assets:US:BofA:Checking        1314.24 USD

2021-05-18 * "Verizon Wireless" ""
  Assets:US:BofA:Checking                          -67.79 USD
  Expenses:Home:Phone                               67.79 USD

2021-05-21 * "Wine-Tarner Cable" ""
  Assets:US:BofA:Checking                          -79.95 USD
  Expenses:Home:Internet                            79.95 USD

2021-06-03 * "RiverBank Properties" "Paying the rent"
  Assets:US:BofA:Checking                        -2400.00 USD
  Expenses:Home:Rent                              2400.00 USD

2021-06-04 * "BANK FEES" "Monthly bank fee"
  Assets:US:BofA:Checking                           -4.00 USD
  Expenses:Financial:Fees                            4.00 USD

2021-06-08 * "EDISON POWER" ""
  Assets:US:BofA:Checking                          -65.00 USD
  Expenses:Home:Electricity                         65.00 USD

2021-06-09 balance Assets:US:BofA:Checking        1398.70 USD

2021-06-20 * "Verizon Wireless" ""
  Assets:US:BofA:Checking                          -65.18 USD
  Expenses:Home:Phone                               65.18 USD

2021-06-21 * "Wine-Tarner Cable" ""
  Assets:US:BofA:Checking                          -80.16 USD
  Expenses:Home:Internet                            80.16 USD

2021-06-30 balance Assets:US:BofA:Checking        3030.26 USD

2021-07-04 * "BANK FEES" "Monthly bank fee"
  Assets:US:BofA:Checking                           -4.00 USD
  Expenses:Financial:Fees                            4.00 USD

2021-07-06 * "RiverBank Properties" "Paying the rent"
  Assets:US:BofA:Checking                        -2400.00 USD
  Expenses:Home:Rent                              2400.00 USD

2021-07-09 * "EDISON POWER" ""
  Assets:US:BofA:Checking                          -65.00 USD
  Expenses:Home:Electricity                         65.00 USD

2021-07-19 * "Verizon Wireless" ""
  Assets:US:BofA:Checking                          -64.35 USD
  Expenses:Home:Phone                               64.35 USD

2021-07-21 * "Wine-Tarner Cable" ""
  Assets:US:BofA:Checking                          -79.87 USD
  Expenses:Home:Internet                            79.87 USD

2021-07-24 balance Assets:US:BofA:Checking        2491.98 USD

2021-08-04 * "BANK FEES" "Monthly bank fee"
  Assets:US:BofA:Checking                           -4.00 USD
  Expenses:Financial:Fees                            4.00 USD

2021-08-04 * "RiverBank Properties" "Paying the rent"
  Assets:US:BofA:Checking                        -2400.00 USD
  Expenses:Home:Rent                              2400.00 USD

2021-08-09 * "EDISON POWER" ""
  Assets:US:BofA:Checking                          -65.00 USD
  Expenses:Home:Electricity                         65.00 USD

2021-08-19 * "Verizon Wireless" ""
  Assets:US:BofA:Checking                          -77.03 USD
  Expenses:Home:Phone                               77.03 USD

2021-08-21 * "Wine-Tarner Cable" ""
  Assets:US:BofA:Checking                          -80.10 USD
  Expenses:Home:Internet                            80.10 USD

2021-08-22 balance Assets:US:BofA:Checking        3660.74 USD

2021-09-04 * "BANK FEES" "Monthly bank fee"
  Assets:US:BofA:Checking                           -4.00 USD
  Expenses:Financial:Fees                            4.00 USD

2021-09-06 * "RiverBank Properties" "Paying the rent"
  Assets:US:BofA:Checking                        -2400.00 USD
  Expenses:Home:Rent                              2400.00 USD

2021-09-08 * "EDISON POWER" ""
  Assets:US:BofA:Checking                          -65.00 USD
  Expenses:Home:Electricity                         65.00 USD

2021-09-16 balance Assets:US:BofA:Checking        3142.23 USD

2021-09-17 * "Transfering accumulated savings to other account"
  Assets:US:BofA:Checking                           -4500 USD
  Assets:US:ETrade:Cash                              4500 USD

2021-09-18 * "Verizon Wireless" ""
  Assets:US:BofA:Checking                          -65.77 USD
  Expenses:Home:Phone                               65.77 USD

2021-09-22 * "Wine-Tarner Cable" ""
  Assets:US:BofA:Checking                          -79.89 USD
  Expenses:Home:Internet                            79.89 USD

2021-10-04 * "BANK FEES" "Monthly bank fee"
  Assets:US:BofA:Checking                           -4.00 USD
  Expenses:Financial:Fees                            4.00 USD

2021-10-06 * "RiverBank Properties" "Paying the rent"
  Assets:US:BofA:Checking                        -2400.00 USD
  Expenses:Home:Rent                              2400.00 USD

2021-10-09 * "EDISON POWER" ""
  Assets:US:BofA:Checking                          -65.00 USD
  Expenses:Home:Electricity                         65.00 USD

2021-10-15 balance Assets:US:BofA:Checking        3105.66 USD

2021-10-20 * "Verizon Wireless" ""
  Assets:US:BofA:Checking                          -67.33 USD
  Expenses:Home:Phone                               67.33 USD

2021-10-22 * "Wine-Tarner Cable" ""
  Assets:US:BofA:Checking                          -79.99 USD
  Expenses:Home:Internet                            79.99 USD

2021-11-03 * "RiverBank Properties" "Paying the rent"
  Assets:US:BofA:Checking                        -2400.00 USD
  Expenses:Home:Rent                              2400.00 USD

2021-11-04 * "BANK FEES" "Monthly bank fee"
  Assets:US:BofA:Checking                           -4.00 USD
  Expenses:Financial:Fees                            4.00 USD

2021-11-07 balance Assets:US:BofA:Checking        3104.94 USD

2021-11-09 * "EDISON POWER" ""
  Assets:US:BofA:Checking                          -65.00 USD
  Expenses:Home:Electricity                         65.00 USD

2021-11-12 * "Transfering accumulated savings to other account"
  Assets:US:BofA:Checking                           -3500 USD
  Assets:US:ETrade:Cash                              3500 USD

2021-11-18 * "Verizon Wireless" ""
  Assets:US:BofA:Checking                          -81.89 USD
  Expenses:Home:Phone                               81.89 USD

2021-11-23 * "Wine-Tarner Cable" ""
  Assets:US:BofA:Checking                          -79.97 USD
  Expenses:Home:Internet                            79.97 USD

2021-11-28 balance Assets:US:BofA:Checking        3852.98 USD

2021-12-04 * "BANK FEES" "Monthly bank fee"
  Assets:US:BofA:Checking                           -4.00 USD
  Expenses:Financial:Fees                            4.00 USD

2021-12-04 * "RiverBank Properties" "Paying the rent"
  Assets:US:BofA:Checking                        -2400.00 USD
  Expenses:Home:Rent                              2400.00 USD

2021-12-08 * "EDISON POWER" ""
  Assets:US:BofA:Checking                          -65.00 USD
  Expenses:Home:Electricity                         65.00 USD

2021-12-19 balance Assets:US:BofA:Checking        3430.25 USD

2021-12-19 * "Verizon Wireless" ""
  Assets:US:BofA:Checking                          -64.33 USD
  Expenses:Home:Phone                               64.33 USD

2021-12-23 * "Wine-Tarner Cable" ""
  Assets:US:BofA:Checking                          -80.14 USD
  Expenses:Home:Internet                            80.14 USD

2022-01-04 * "BANK FEES" "Monthly bank fee"
  Assets:US:BofA:Checking                           -4.00 USD
  Expenses:Financial:Fees                            4.00 USD

2022-01-04 * "RiverBank Properties" "Paying the rent"
  Assets:US:BofA:Checking                        -2400.00 USD
  Expenses:Home:Rent                              2400.00 USD

2022-01-09 * "EDISON POWER" ""
  Assets:US:BofA:Checking                          -65.00 USD
  Expenses:Home:Electricity                         65.00 USD

2022-01-11 balance Assets:US:BofA:Checking        4290.63 USD

2022-01-18 * "Verizon Wireless" ""
  Assets:US:BofA:Checking                          -73.15 USD
  Expenses:Home:Phone                               73.15 USD

2022-01-21 * "Wine-Tarner Cable" ""
  Assets:US:BofA:Checking                          -79.97 USD
  Expenses:Home:Internet                            79.97 USD

2022-02-03 * "RiverBank Properties" "Paying the rent"
  Assets:US:BofA:Checking                        -2400.00 USD
  Expenses:Home:Rent                              2400.00 USD

2022-02-04 balance Assets:US:BofA:Checking        4438.71 USD

2022-02-04 * "BANK FEES" "Monthly bank fee"
  Assets:US:BofA:Checking                           -4.00 USD
  Expenses:Financial:Fees                            4.00 USD

2022-02-08 * "EDISON POWER" ""
  Assets:US:BofA:Checking                          -65.00 USD
  Expenses:Home:Electricity                         65.00 USD

2022-02-19 * "Verizon Wireless" ""
  Assets:US:BofA:Checking                          -60.07 USD
  Expenses:Home:Phone                               60.07 USD

2022-02-22 * "Wine-Tarner Cable" ""
  Assets:US:BofA:Checking                          -80.09 USD
  Expenses:Home:Internet                            80.09 USD

2022-02-28 balance Assets:US:BofA:Checking        5262.02 USD

2022-03-04 * "BANK FEES" "Monthly bank fee"
  Assets:US:BofA:Checking                           -4.00 USD
  Expenses:Financial:Fees                            4.00 USD

2022-03-05 * "RiverBank Properties" "Paying the rent"
  Assets:US:BofA:Checking                        -2400.00 USD
  Expenses:Home:Rent                              2400.00 USD

2022-03-09 * "EDISON POWER" ""
  Assets:US:BofA:Checking                          -65.00 USD
  Expenses:Home:Electricity                         65.00 USD

2022-03-18 * "Verizon Wireless" ""
  Assets:US:BofA:Checking                          -50.05 USD
  Expenses:Home:Phone                               50.05 USD

2022-03-21 * "Wine-Tarner Cable" ""
  Assets:US:BofA:Checking                          -80.08 USD
  Expenses:Home:Internet                            80.08 USD

2022-03-26 balance Assets:US:BofA:Checking        4117.50 USD

2022-04-04 * "BANK FEES" "Monthly bank fee"
  Assets:US:BofA:Checking                           -4.00 USD
  Expenses:Financial:Fees                            4.00 USD

2022-04-06 * "RiverBank Properties" "Paying the rent"
  Assets:US:BofA:Checking                        -2400.00 USD
  Expenses:Home:Rent                              2400.00 USD

2022-04-08 * "EDISON POWER" ""
  Assets:US:BofA:Checking                          -65.00 USD
  Expenses:Home:Electricity                         65.00 USD

2022-04-16 balance Assets:US:BofA:Checking        3615.53 USD

2022-04-20 * "Verizon Wireless" ""
  Assets:US:BofA:Checking                          -73.16 USD
  Expenses:Home:Phone                               73.16 USD

2022-04-23 * "Wine-Tarner Cable" ""
  Assets:US:BofA:Checking                          -80.01 USD
  Expenses:Home:Internet                            80.01 USD

2022-05-03 * "RiverBank Properties" "Paying the rent"
  Assets:US:BofA:Checking                        -2400.00 USD
  Expenses:Home:Rent                              2400.00 USD

2022-05-04 * "BANK FEES" "Monthly bank fee"
  Assets:US:BofA:Checking                           -4.00 USD
  Expenses:Financial:Fees                            4.00 USD

2022-05-09 * "EDISON POWER" ""
  Assets:US:BofA:Checking                          -65.00 USD
  Expenses:Home:Electricity                         65.00 USD

2022-05-10 balance Assets:US:BofA:Checking        2343.96 USD

2022-05-20 * "Verizon Wireless" ""
  Assets:US:BofA:Checking                          -55.01 USD
  Expenses:Home:Phone                               55.01 USD

2022-05-21 * "Wine-Tarner Cable" ""
  Assets:US:BofA:Checking                          -80.03 USD
  Expenses:Home:Internet                            80.03 USD

2022-06-04 * "BANK FEES" "Monthly bank fee"
  Assets:US:BofA:Checking                           -4.00 USD
  Expenses:Financial:Fees                            4.00 USD

2022-06-05 balance Assets:US:BofA:Checking        4321.30 USD

2022-06-06 * "RiverBank Properties" "Paying the rent"
  Assets:US:BofA:Checking                        -2400.00 USD
  Expenses:Home:Rent                              2400.00 USD

2022-06-08 * "EDISON POWER" ""
  Assets:US:BofA:Checking                          -65.00 USD
  Expenses:Home:Electricity                         65.00 USD

2022-06-20 * "Verizon Wireless" ""
  Assets:US:BofA:Checking                          -68.07 USD
  Expenses:Home:Phone                               68.07 USD

2022-06-21 * "Wine-Tarner Cable" ""
  Assets:US:BofA:Checking                          -79.95 USD
  Expenses:Home:Internet                            79.95 USD

2022-06-29 balance Assets:US:BofA:Checking        3779.27 USD

2022-07-04 * "BANK FEES" "Monthly bank fee"
  Assets:US:BofA:Checking                           -4.00 USD
  Expenses:Financial:Fees                            4.00 USD

2022-07-05 * "RiverBank Properties" "Paying the rent"
  Assets:US:BofA:Checking                        -2400.00 USD
  Expenses:Home:Rent                              2400.00 USD

2022-07-08 * "EDISON POWER" ""
  Assets:US:BofA:Checking                          -65.00 USD
  Expenses:Home:Electricity                         65.00 USD

2022-07-20 * "Verizon Wireless" ""
  Assets:US:BofA:Checking                          -59.02 USD
  Expenses:Home:Phone                               59.02 USD

2022-07-22 * "Wine-Tarner Cable" ""
  Assets:US:BofA:Checking                          -79.93 USD
  Expenses:Home:Internet                            79.93 USD

2022-07-27 balance Assets:US:BofA:Checking        3064.99 USD

2022-08-03 * "RiverBank Properties" "Paying the rent"
  Assets:US:BofA:Checking                        -2400.00 USD
  Expenses:Home:Rent                              2400.00 USD

2022-08-04 * "BANK FEES" "Monthly bank fee"
  Assets:US:BofA:Checking                           -4.00 USD
  Expenses:Financial:Fees                            4.00 USD

2022-08-08 * "EDISON POWER" ""
  Assets:US:BofA:Checking                          -65.00 USD
  Expenses:Home:Electricity                         65.00 USD

2022-08-18 * "Verizon Wireless" ""
  Assets:US:BofA:Checking                          -58.07 USD
  Expenses:Home:Phone                               58.07 USD

2022-08-19 * "Transfering accumulated savings to other account"
  Assets:US:BofA:Checking                           -4000 USD
  Assets:US:ETrade:Cash                              4000 USD

2022-08-22 * "Wine-Tarner Cable" ""
  Assets:US:BofA:Checking                          -79.89 USD
  Expenses:Home:Internet                            79.89 USD

2022-08-25 balance Assets:US:BofA:Checking         748.97 USD

2022-09-04 * "BANK FEES" "Monthly bank fee"
  Assets:US:BofA:Checking                           -4.00 USD
  Expenses:Financial:Fees                            4.00 USD

2022-09-05 * "RiverBank Properties" "Paying the rent"
  Assets:US:BofA:Checking                        -2400.00 USD
  Expenses:Home:Rent                              2400.00 USD

2022-09-09 * "EDISON POWER" ""
  Assets:US:BofA:Checking                          -65.00 USD
  Expenses:Home:Electricity                         65.00 USD

2022-09-18 * "Verizon Wireless" ""
  Assets:US:BofA:Checking                          -57.83 USD
  Expenses:Home:Phone                               57.83 USD

2022-09-22 balance Assets:US:BofA:Checking        2837.23 USD

2022-09-22 * "Wine-Tarner Cable" ""
  Assets:US:BofA:Checking                          -79.81 USD
  Expenses:Home:Internet                            79.81 USD

2022-10-04 * "BANK FEES" "Monthly bank fee"
  Assets:US:BofA:Checking                           -4.00 USD
  Expenses:Financial:Fees                            4.00 USD

2022-10-05 * "RiverBank Properties" "Paying the rent"
  Assets:US:BofA:Checking                        -2400.00 USD
  Expenses:Home:Rent                              2400.00 USD

2022-10-09 * "EDISON POWER" ""
  Assets:US:BofA:Checking                          -65.00 USD
  Expenses:Home:Electricity                         65.00 USD

2022-10-14 * "Transfering accumulated savings to other account"
  Assets:US:BofA:Checking                           -4000 USD
  Assets:US:ETrade:Cash                              4000 USD

2022-10-18 * "Verizon Wireless" ""
  Assets:US:BofA:Checking                          -52.27 USD
  Expenses:Home:Phone                               52.27 USD

2022-10-22 balance Assets:US:BofA:Checking         379.64 USD

2022-10-22 * "Wine-Tarner Cable" ""
  Assets:US:BofA:Checking                          -80.06 USD
  Expenses:Home:Internet                            80.06 USD

2022-11-03 * "RiverBank Properties" "Paying the rent"
  Assets:US:BofA:Checking                        -2400.00 USD
  Expenses:Home:Rent                              2400.00 USD

2022-11-04 * "BANK FEES" "Monthly bank fee"
  Assets:US:BofA:Checking                           -4.00 USD
  Expenses:Financial:Fees                            4.00 USD

2022-11-09 * "EDISON POWER" ""
  Assets:US:BofA:Checking                          -65.00 USD
  Expenses:Home:Electricity                         65.00 USD

2022-11-15 balance Assets:US:BofA:Checking        2191.28 USD

2022-11-20 * "Verizon Wireless" ""
  Assets:US:BofA:Checking                          -54.49 USD
  Expenses:Home:Phone                               54.49 USD

2022-11-22 * "Wine-Tarner Cable" ""
  Assets:US:BofA:Checking                          -79.89 USD
  Expenses:Home:Internet                            79.89 USD

2022-12-04 * "BANK FEES" "Monthly bank fee"
  Assets:US:BofA:Checking                           -4.00 USD
  Expenses:Financial:Fees                            4.00 USD

2022-12-06 * "RiverBank Properties" "Paying the rent"
  Assets:US:BofA:Checking                        -2400.00 USD
  Expenses:Home:Rent                              2400.00 USD

2022-12-09 * "EDISON POWER" ""
  Assets:US:BofA:Checking                          -65.00 USD
  Expenses:Home:Electricity                         65.00 USD

2022-12-15 balance Assets:US:BofA:Checking        4113.41 USD

2022-12-18 * "Verizon Wireless" ""
  Assets:US:BofA:Checking                          -51.25 USD
  Expenses:Home:Phone                               51.25 USD

2022-12-21 * "Wine-Tarner Cable" ""
  Assets:US:BofA:Checking                          -80.03 USD
  Expenses:Home:Internet                            80.03 USD

2023-01-03 * "RiverBank Properties" "Paying the rent"
  Assets:US:BofA:Checking                        -2400.00 USD
  Expenses:Home:Rent                              2400.00 USD

2023-01-04 * "BANK FEES" "Monthly bank fee"
  Assets:US:BofA:Checking                           -4.00 USD
  Expenses:Financial:Fees                            4.00 USD

2023-01-09 * "EDISON POWER" ""
  Assets:US:BofA:Checking                          -65.00 USD
  Expenses:Home:Electricity                         65.00 USD

2023-01-14 balance Assets:US:BofA:Checking        5165.32 USD

2023-01-19 * "Verizon Wireless" ""
  Assets:US:BofA:Checking                          -71.96 USD
  Expenses:Home:Phone                               71.96 USD

2023-01-21 * "Wine-Tarner Cable" ""
  Assets:US:BofA:Checking                          -80.04 USD
  Expenses:Home:Internet                            80.04 USD

2023-02-03 * "RiverBank Properties" "Paying the rent"
  Assets:US:BofA:Checking                        -2400.00 USD
  Expenses:Home:Rent                              2400.00 USD

2023-02-04 * "BANK FEES" "Monthly bank fee"
  Assets:US:BofA:Checking                           -4.00 USD
  Expenses:Financial:Fees                            4.00 USD

2023-02-09 * "EDISON POWER" ""
  Assets:US:BofA:Checking                          -65.00 USD
  Expenses:Home:Electricity                         65.00 USD

2023-02-10 balance Assets:US:BofA:Checking        5245.52 USD

2023-02-18 * "Verizon Wireless" ""
  Assets:US:BofA:Checking                          -56.66 USD
  Expenses:Home:Phone                               56.66 USD

2023-02-21 * "Wine-Tarner Cable" ""
  Assets:US:BofA:Checking                          -80.03 USD
  Expenses:Home:Internet                            80.03 USD

2023-03-04 balance Assets:US:BofA:Checking        6955.30 USD

2023-03-04 * "BANK FEES" "Monthly bank fee"
  Assets:US:BofA:Checking                           -4.00 USD
  Expenses:Financial:Fees                            4.00 USD

2023-03-06 * "RiverBank Properties" "Paying the rent"
  Assets:US:BofA:Checking                        -2400.00 USD
  Expenses:Home:Rent                              2400.00 USD

2023-03-09 * "EDISON POWER" ""
  Assets:US:BofA:Checking                          -65.00 USD
  Expenses:Home:Electricity                         65.00 USD

2023-03-20 * "Verizon Wireless" ""
  Assets:US:BofA:Checking                          -55.77 USD
  Expenses:Home:Phone                               55.77 USD

2023-03-21 * "Wine-Tarner Cable" ""
  Assets:US:BofA:Checking                          -79.96 USD
  Expenses:Home:Internet                            79.96 USD

2023-03-28 balance Assets:US:BofA:Checking        4394.37 USD

2023-04-04 * "BANK FEES" "Monthly bank fee"
  Assets:US:BofA:Checking                           -4.00 USD
  Expenses:Financial:Fees                            4.00 USD

2023-04-06 * "RiverBank Properties" "Paying the rent"
  Assets:US:BofA:Checking                        -2400.00 USD
  Expenses:Home:Rent                              2400.00 USD

2023-04-09 * "EDISON POWER" ""
  Assets:US:BofA:Checking                          -65.00 USD
  Expenses:Home:Electricity                         65.00 USD

2023-04-20 * "Verizon Wireless" ""
  Assets:US:BofA:Checking                          -50.98 USD
  Expenses:Home:Phone                               50.98 USD

2023-04-23 * "Wine-Tarner Cable" ""
  Assets:US:BofA:Checking                          -80.05 USD
  Expenses:Home:Internet                            80.05 USD

2023-04-26 balance Assets:US:BofA:Checking        3725.14 USD

2023-05-03 * "RiverBank Properties" "Paying the rent"
  Assets:US:BofA:Checking                        -2400.00 USD
  Expenses:Home:Rent                              2400.00 USD

2023-05-04 * "BANK FEES" "Monthly bank fee"
  Assets:US:BofA:Checking                           -4.00 USD
  Expenses:Financial:Fees                            4.00 USD

2023-05-09 * "EDISON POWER" ""
  Assets:US:BofA:Checking                          -65.00 USD
  Expenses:Home:Electricity                         65.00 USD

2023-05-20 * "Verizon Wireless" ""
  Assets:US:BofA:Checking                          -62.94 USD
  Expenses:Home:Phone                               62.94 USD

2023-05-23 * "Wine-Tarner Cable" ""
  Assets:US:BofA:Checking                          -79.93 USD
  Expenses:Home:Internet                            79.93 USD

2023-05-25 balance Assets:US:BofA:Checking        3600.26 USD

2023-06-03 * "RiverBank Properties" "Paying the rent"
  Assets:US:BofA:Checking                        -2400.00 USD
  Expenses:Home:Rent                              2400.00 USD

2023-06-04 * "BANK FEES" "Monthly bank fee"
  Assets:US:BofA:Checking                           -4.00 USD
  Expenses:Financial:Fees                            4.00 USD

2023-06-08 * "EDISON POWER" ""
  Assets:US:BofA:Checking                          -65.00 USD
  Expenses:Home:Electricity                         65.00 USD

2023-06-15 balance Assets:US:BofA:Checking        3241.21 USD

2023-06-20 * "Verizon Wireless" ""
  Assets:US:BofA:Checking                          -63.23 USD
  Expenses:Home:Phone                               63.23 USD

2023-06-22 * "Wine-Tarner Cable" ""
  Assets:US:BofA:Checking                          -79.92 USD
  Expenses:Home:Internet                            79.92 USD

2023-07-04 * "BANK FEES" "Monthly bank fee"
  Assets:US:BofA:Checking                           -4.00 USD
  Expenses:Financial:Fees                            4.00 USD

2023-07-06 balance Assets:US:BofA:Checking        4444.66 USD

2023-07-06 * "RiverBank Properties" "Paying the rent"
  Assets:US:BofA:Checking                        -2400.00 USD
  Expenses:Home:Rent                              2400.00 USD

2023-07-08 * "EDISON POWER" ""
  Assets:US:BofA:Checking                          -65.00 USD
  Expenses:Home:Electricity                         65.00 USD

2023-07-19 * "Verizon Wireless" ""
  Assets:US:BofA:Checking                          -57.22 USD
  Expenses:Home:Phone                               57.22 USD

2023-07-21 * "Wine-Tarner Cable" ""
  Assets:US:BofA:Checking                          -80.18 USD
  Expenses:Home:Internet                            80.18 USD

2023-07-29 balance Assets:US:BofA:Checking        3812.77 USD

2023-08-04 * "BANK FEES" "Monthly bank fee"
  Assets:US:BofA:Checking                           -4.00 USD
  Expenses:Financial:Fees                            4.00 USD

2023-08-05 * "RiverBank Properties" "Paying the rent"
  Assets:US:BofA:Checking                        -2400.00 USD
  Expenses:Home:Rent                              2400.00 USD

2023-08-08 * "EDISON POWER" ""
  Assets:US:BofA:Checking                          -65.00 USD
  Expenses:Home:Electricity                         65.00 USD

2023-08-18 * "Transfering accumulated savings to other account"
  Assets:US:BofA:Checking                           -5000 USD
  Assets:US:ETrade:Cash                              5000 USD

2023-08-19 * "Verizon Wireless" ""
  Assets:US:BofA:Checking                          -61.64 USD
  Expenses:Home:Phone                               61.64 USD

2023-08-22 balance Assets:US:BofA:Checking         320.34 USD

2023-08-22 * "Wine-Tarner Cable" ""
  Assets:US:BofA:Checking                          -79.83 USD
  Expenses:Home:Internet                            79.83 USD

2023-09-04 * "BANK FEES" "Monthly bank fee"
  Assets:US:BofA:Checking                           -4.00 USD
  Expenses:Financial:Fees                            4.00 USD



* Credit-Cards

1980-05-12 open Liabilities:US:Chase:Slate                      USD

2021-01-02 * "Kin Soy" "Eating out after work"
  Liabilities:US:Chase:Slate                       -39.72 USD
  Expenses:Food:Restaurant                          39.72 USD

2021-01-03 * "Kin Soy" "Eating out with Natasha"
  Liabilities:US:Chase:Slate                       -14.78 USD
  Expenses:Food:Restaurant                          14.78 USD

2021-01-06 * "Cafe Modagor" "Eating out with Natasha"
  Liabilities:US:Chase:Slate                       -27.11 USD
  Expenses:Food:Restaurant                          27.11 USD

2021-01-06 * "Corner Deli" "Buying groceries"
  Liabilities:US:Chase:Slate                      -105.69 USD
  Expenses:Food:Groceries                          105.69 USD

2021-01-07 * "Jewel of Morroco" "Eating out with Joe"
  Liabilities:US:Chase:Slate                       -31.34 USD
  Expenses:Food:Restaurant                          31.34 USD

2021-01-08 * "Chase:Slate" "Paying off credit card"
  Liabilities:US:Chase:Slate                       246.03 USD
  Assets:US:BofA:Checking                         -246.03 USD

2021-01-11 * "Jewel of Morroco" "Eating out "
  Liabilities:US:Chase:Slate                       -27.39 USD
  Expenses:Food:Restaurant                          27.39 USD

2021-01-13 * "Jewel of Morroco" "Eating out with Natasha"
  Liabilities:US:Chase:Slate                       -30.54 USD
  Expenses:Food:Restaurant                          30.54 USD

2021-01-14 * "Farmer Fresh" "Buying groceries"
  Liabilities:US:Chase:Slate                      -129.29 USD
  Expenses:Food:Groceries                          129.29 USD

2021-01-16 * "Goba Goba" "Eating out with Natasha"
  Liabilities:US:Chase:Slate                       -34.17 USD
  Expenses:Food:Restaurant                          34.17 USD

2021-01-19 * "Chichipotle" "Eating out "
  Liabilities:US:Chase:Slate                       -18.83 USD
  Expenses:Food:Restaurant                          18.83 USD

2021-01-23 * "Uncle Boons" "Eating out with Bill"
  Liabilities:US:Chase:Slate                       -17.86 USD
  Expenses:Food:Restaurant                          17.86 USD

2021-01-27 * "China Garden" "Eating out alone"
  Liabilities:US:Chase:Slate                       -22.83 USD
  Expenses:Food:Restaurant                          22.83 USD

2021-01-30 * "Chichipotle" "Eating out with Bill"
  Liabilities:US:Chase:Slate                       -20.28 USD
  Expenses:Food:Restaurant                          20.28 USD

2021-01-30 * "Farmer Fresh" "Buying groceries"
  Liabilities:US:Chase:Slate                       -57.92 USD
  Expenses:Food:Groceries                           57.92 USD

2021-01-30 * "Metro Transport Authority" "Tram tickets"
  Liabilities:US:Chase:Slate                      -120.00 USD
  Expenses:Transport:Tram                          120.00 USD

2021-01-31 balance Liabilities:US:Chase:Slate     -451.72 USD

2021-02-01 * "Jewel of Morroco" "Eating out alone"
  Liabilities:US:Chase:Slate                       -31.95 USD
  Expenses:Food:Restaurant                          31.95 USD

2021-02-02 * "China Garden" "Eating out after work"
  Liabilities:US:Chase:Slate                       -60.33 USD
  Expenses:Food:Restaurant                          60.33 USD

2021-02-04 * "Uncle Boons" "Eating out with work buddies"
  Liabilities:US:Chase:Slate                       -24.97 USD
  Expenses:Food:Restaurant                          24.97 USD

2021-02-07 * "Goba Goba" "Eating out with Bill"
  Liabilities:US:Chase:Slate                       -29.30 USD
  Expenses:Food:Restaurant                          29.30 USD

2021-02-08 * "Chase:Slate" "Paying off credit card"
  Liabilities:US:Chase:Slate                       643.49 USD
  Assets:US:BofA:Checking                         -643.49 USD

2021-02-10 * "Uncle Boons" "Eating out with Joe"
  Liabilities:US:Chase:Slate                       -45.22 USD
  Expenses:Food:Restaurant                          45.22 USD

2021-02-10 * "Good Moods Market" "Buying groceries"
  Liabilities:US:Chase:Slate                      -117.98 USD
  Expenses:Food:Groceries                          117.98 USD

2021-02-13 * "Cafe Modagor" "Eating out "
  Liabilities:US:Chase:Slate                       -26.58 USD
  Expenses:Food:Restaurant                          26.58 USD

2021-02-16 * "Cafe Modagor" "Eating out with work buddies"
  Liabilities:US:Chase:Slate                       -86.27 USD
  Expenses:Food:Restaurant                          86.27 USD

2021-02-18 * "Cafe Modagor" "Eating out after work"
  Liabilities:US:Chase:Slate                       -33.10 USD
  Expenses:Food:Restaurant                          33.10 USD

2021-02-23 * "Chichipotle" "Eating out with Bill"
  Liabilities:US:Chase:Slate                       -24.19 USD
  Expenses:Food:Restaurant                          24.19 USD

2021-02-27 balance Liabilities:US:Chase:Slate     -288.12 USD

2021-02-27 * "Goba Goba" "Eating out with Natasha"
  Liabilities:US:Chase:Slate                       -29.48 USD
  Expenses:Food:Restaurant                          29.48 USD

2021-02-28 * "Uncle Boons" "Eating out with work buddies"
  Liabilities:US:Chase:Slate                       -53.79 USD
  Expenses:Food:Restaurant                          53.79 USD

2021-02-28 * "Farmer Fresh" "Buying groceries"
  Liabilities:US:Chase:Slate                       -95.16 USD
  Expenses:Food:Groceries                           95.16 USD

2021-02-28 * "Metro Transport Authority" "Tram tickets"
  Liabilities:US:Chase:Slate                      -120.00 USD
  Expenses:Transport:Tram                          120.00 USD

2021-03-03 * "Jewel of Morroco" "Eating out "
  Liabilities:US:Chase:Slate                       -27.84 USD
  Expenses:Food:Restaurant                          27.84 USD

2021-03-07 * "Kin Soy" "Eating out "
  Liabilities:US:Chase:Slate                       -29.47 USD
  Expenses:Food:Restaurant                          29.47 USD

2021-03-09 * "Chase:Slate" "Paying off credit card"
  Liabilities:US:Chase:Slate                       666.48 USD
  Assets:US:BofA:Checking                         -666.48 USD

2021-03-12 * "Rose Flower" "Eating out with work buddies"
  Liabilities:US:Chase:Slate                       -22.62 USD
  Expenses:Food:Restaurant                          22.62 USD

2021-03-13 * "Corner Deli" "Buying groceries"
  Liabilities:US:Chase:Slate                       -74.71 USD
  Expenses:Food:Groceries                           74.71 USD

2021-03-14 * "Jewel of Morroco" "Eating out "
  Liabilities:US:Chase:Slate                       -49.40 USD
  Expenses:Food:Restaurant                          49.40 USD

2021-03-18 * "China Garden" "Eating out after work"
  Liabilities:US:Chase:Slate                       -23.29 USD
  Expenses:Food:Restaurant                          23.29 USD

2021-03-23 * "Chichipotle" "Eating out with Joe"
  Liabilities:US:Chase:Slate                       -11.46 USD
  Expenses:Food:Restaurant                          11.46 USD

2021-03-23 * "Onion Market" "Buying groceries"
  Liabilities:US:Chase:Slate                      -139.13 USD
  Expenses:Food:Groceries                          139.13 USD

2021-03-25 balance Liabilities:US:Chase:Slate     -297.99 USD

2021-03-25 * "Jewel of Morroco" "Eating out after work"
  Liabilities:US:Chase:Slate                       -14.27 USD
  Expenses:Food:Restaurant                          14.27 USD

2021-03-29 * "Jewel of Morroco" "Eating out alone"
  Liabilities:US:Chase:Slate                       -42.97 USD
  Expenses:Food:Restaurant                          42.97 USD

2021-03-29 * "Metro Transport Authority" "Tram tickets"
  Liabilities:US:Chase:Slate                      -120.00 USD
  Expenses:Transport:Tram                          120.00 USD

2021-03-31 * "Rose Flower" "Eating out "
  Liabilities:US:Chase:Slate                       -22.47 USD
  Expenses:Food:Restaurant                          22.47 USD

2021-04-03 * "Corner Deli" "Buying groceries"
  Liabilities:US:Chase:Slate                       -98.37 USD
  Expenses:Food:Groceries                           98.37 USD

2021-04-05 * "Cafe Modagor" "Eating out with work buddies"
  Liabilities:US:Chase:Slate                       -29.86 USD
  Expenses:Food:Restaurant                          29.86 USD

2021-04-06 * "Jewel of Morroco" "Eating out with Julie"
  Liabilities:US:Chase:Slate                       -47.93 USD
  Expenses:Food:Restaurant                          47.93 USD

2021-04-08 * "Chase:Slate" "Paying off credit card"
  Liabilities:US:Chase:Slate                       694.97 USD
  Assets:US:BofA:Checking                         -694.97 USD

2021-04-10 * "Rose Flower" "Eating out with Julie"
  Liabilities:US:Chase:Slate                       -21.11 USD
  Expenses:Food:Restaurant                          21.11 USD

2021-04-11 * "Chichipotle" "Eating out with Bill"
  Liabilities:US:Chase:Slate                       -26.22 USD
  Expenses:Food:Restaurant                          26.22 USD

2021-04-12 * "Onion Market" "Buying groceries"
  Liabilities:US:Chase:Slate                       -88.46 USD
  Expenses:Food:Groceries                           88.46 USD

2021-04-15 * "Uncle Boons" "Eating out with Bill"
  Liabilities:US:Chase:Slate                       -54.61 USD
  Expenses:Food:Restaurant                          54.61 USD

2021-04-16 * "Uncle Boons" "Eating out alone"
  Liabilities:US:Chase:Slate                       -43.73 USD
  Expenses:Food:Restaurant                          43.73 USD

2021-04-17 * "Uncle Boons" "Eating out with Natasha"
  Liabilities:US:Chase:Slate                       -37.21 USD
  Expenses:Food:Restaurant                          37.21 USD

2021-04-18 * "Chichipotle" "Eating out with work buddies"
  Liabilities:US:Chase:Slate                       -16.22 USD
  Expenses:Food:Restaurant                          16.22 USD

2021-04-19 * "Jewel of Morroco" "Eating out with Julie"
  Liabilities:US:Chase:Slate                       -24.99 USD
  Expenses:Food:Restaurant                          24.99 USD

2021-04-22 * "Jewel of Morroco" "Eating out with Natasha"
  Liabilities:US:Chase:Slate                       -45.07 USD
  Expenses:Food:Restaurant                          45.07 USD

2021-04-23 balance Liabilities:US:Chase:Slate     -336.51 USD

2021-04-26 * "Metro Transport Authority" "Tram tickets"
  Liabilities:US:Chase:Slate                      -120.00 USD
  Expenses:Transport:Tram                          120.00 USD

2021-04-27 * "Chichipotle" "Eating out with Natasha"
  Liabilities:US:Chase:Slate                       -25.64 USD
  Expenses:Food:Restaurant                          25.64 USD

2021-05-01 * "Kin Soy" "Eating out alone"
  Liabilities:US:Chase:Slate                       -44.11 USD
  Expenses:Food:Restaurant                          44.11 USD

2021-05-02 * "Onion Market" "Buying groceries"
  Liabilities:US:Chase:Slate                       -77.68 USD
  Expenses:Food:Groceries                           77.68 USD

2021-05-05 * "Rose Flower" "Eating out alone"
  Liabilities:US:Chase:Slate                       -59.22 USD
  Expenses:Food:Restaurant                          59.22 USD

2021-05-08 * "Chase:Slate" "Paying off credit card"
  Liabilities:US:Chase:Slate                       705.80 USD
  Assets:US:BofA:Checking                         -705.80 USD

2021-05-10 * "Cafe Modagor" "Eating out with Bill"
  Liabilities:US:Chase:Slate                       -42.64 USD
  Expenses:Food:Restaurant                          42.64 USD

2021-05-15 * "Uncle Boons" "Eating out with Joe"
  Liabilities:US:Chase:Slate                       -33.17 USD
  Expenses:Food:Restaurant                          33.17 USD

2021-05-17 * "Uncle Boons" "Eating out with work buddies"
  Liabilities:US:Chase:Slate                      -129.72 USD
  Expenses:Food:Restaurant                         129.72 USD

2021-05-18 * "Farmer Fresh" "Buying groceries"
  Liabilities:US:Chase:Slate                      -104.63 USD
  Expenses:Food:Groceries                          104.63 USD

2021-05-21 * "Jewel of Morroco" "Eating out with Bill"
  Liabilities:US:Chase:Slate                       -26.97 USD
  Expenses:Food:Restaurant                          26.97 USD

2021-05-22 * "Rose Flower" "Eating out with work buddies"
  Liabilities:US:Chase:Slate                       -81.72 USD
  Expenses:Food:Restaurant                          81.72 USD

2021-05-23 balance Liabilities:US:Chase:Slate     -376.21 USD

2021-05-23 * "Goba Goba" "Eating out with Joe"
  Liabilities:US:Chase:Slate                       -22.97 USD
  Expenses:Food:Restaurant                          22.97 USD

2021-05-26 * "Uncle Boons" "Eating out with Joe"
  Liabilities:US:Chase:Slate                       -49.23 USD
  Expenses:Food:Restaurant                          49.23 USD

2021-05-26 * "Metro Transport Authority" "Tram tickets"
  Liabilities:US:Chase:Slate                      -120.00 USD
  Expenses:Transport:Tram                          120.00 USD

2021-05-28 * "Rose Flower" "Eating out with Natasha"
  Liabilities:US:Chase:Slate                       -33.35 USD
  Expenses:Food:Restaurant                          33.35 USD

2021-06-01 * "Kin Soy" "Eating out with Bill"
  Liabilities:US:Chase:Slate                       -46.30 USD
  Expenses:Food:Restaurant                          46.30 USD

2021-06-03 * "China Garden" "Eating out with Bill"
  Liabilities:US:Chase:Slate                       -28.36 USD
  Expenses:Food:Restaurant                          28.36 USD

2021-06-04 * "Kin Soy" "Eating out with Bill"
  Liabilities:US:Chase:Slate                       -16.47 USD
  Expenses:Food:Restaurant                          16.47 USD

2021-06-05 * "Cafe Modagor" "Eating out with Bill"
  Liabilities:US:Chase:Slate                       -87.03 USD
  Expenses:Food:Restaurant                          87.03 USD

2021-06-07 * "Kin Soy" "Eating out alone"
  Liabilities:US:Chase:Slate                       -23.07 USD
  Expenses:Food:Restaurant                          23.07 USD

2021-06-07 * "Farmer Fresh" "Buying groceries"
  Liabilities:US:Chase:Slate                       -85.55 USD
  Expenses:Food:Groceries                           85.55 USD

2021-06-10 * "Chase:Slate" "Paying off credit card"
  Liabilities:US:Chase:Slate                       924.30 USD
  Assets:US:BofA:Checking                         -924.30 USD

2021-06-12 * "Uncle Boons" "Eating out with Bill"
  Liabilities:US:Chase:Slate                       -35.76 USD
  Expenses:Food:Restaurant                          35.76 USD

2021-06-14 * "Jewel of Morroco" "Eating out "
  Liabilities:US:Chase:Slate                       -33.19 USD
  Expenses:Food:Restaurant                          33.19 USD

2021-06-16 balance Liabilities:US:Chase:Slate      -33.19 USD

2021-06-17 * "Chichipotle" "Eating out with Julie"
  Liabilities:US:Chase:Slate                       -23.18 USD
  Expenses:Food:Restaurant                          23.18 USD

2021-06-17 * "Onion Market" "Buying groceries"
  Liabilities:US:Chase:Slate                       -69.34 USD
  Expenses:Food:Groceries                           69.34 USD

2021-06-22 * "Goba Goba" "Eating out alone"
  Liabilities:US:Chase:Slate                       -40.27 USD
  Expenses:Food:Restaurant                          40.27 USD

2021-06-24 * "Goba Goba" "Eating out with Bill"
  Liabilities:US:Chase:Slate                       -10.78 USD
  Expenses:Food:Restaurant                          10.78 USD

2021-06-27 * "Chichipotle" "Eating out with Joe"
  Liabilities:US:Chase:Slate                       -31.24 USD
  Expenses:Food:Restaurant                          31.24 USD

2021-06-28 * "China Garden" "Eating out alone"
  Liabilities:US:Chase:Slate                       -35.71 USD
  Expenses:Food:Restaurant                          35.71 USD

2021-06-28 * "Metro Transport Authority" "Tram tickets"
  Liabilities:US:Chase:Slate                      -120.00 USD
  Expenses:Transport:Tram                          120.00 USD

2021-06-29 * "Corner Deli" "Buying groceries"
  Liabilities:US:Chase:Slate                       -62.18 USD
  Expenses:Food:Groceries                           62.18 USD

2021-06-30 * "Cafe Modagor" "Eating out "
  Liabilities:US:Chase:Slate                       -47.18 USD
  Expenses:Food:Restaurant                          47.18 USD

2021-07-02 * "China Garden" "Eating out with Natasha"
  Liabilities:US:Chase:Slate                       -33.42 USD
  Expenses:Food:Restaurant                          33.42 USD

2021-07-03 * "Rose Flower" "Eating out alone"
  Liabilities:US:Chase:Slate                       -25.63 USD
  Expenses:Food:Restaurant                          25.63 USD

2021-07-04 * "China Garden" "Eating out with Natasha"
  Liabilities:US:Chase:Slate                       -23.15 USD
  Expenses:Food:Restaurant                          23.15 USD

2021-07-05 * "Cafe Modagor" "Eating out after work"
  Liabilities:US:Chase:Slate                       -43.46 USD
  Expenses:Food:Restaurant                          43.46 USD

2021-07-07 * "Chase:Slate" "Paying off credit card"
  Liabilities:US:Chase:Slate                       626.26 USD
  Assets:US:BofA:Checking                         -626.26 USD

2021-07-08 * "Goba Goba" "Eating out with work buddies"
  Liabilities:US:Chase:Slate                       -27.53 USD
  Expenses:Food:Restaurant                          27.53 USD

2021-07-12 * "Uncle Boons" "Eating out with Julie"
  Liabilities:US:Chase:Slate                       -30.63 USD
  Expenses:Food:Restaurant                          30.63 USD

2021-07-13 balance Liabilities:US:Chase:Slate      -30.63 USD

2021-07-14 * "Farmer Fresh" "Buying groceries"
  Liabilities:US:Chase:Slate                       -79.22 USD
  Expenses:Food:Groceries                           79.22 USD

2021-07-17 * "China Garden" "Eating out alone"
  Liabilities:US:Chase:Slate                       -20.96 USD
  Expenses:Food:Restaurant                          20.96 USD

2021-07-21 * "Corner Deli" "Buying groceries"
  Liabilities:US:Chase:Slate                       -89.52 USD
  Expenses:Food:Groceries                           89.52 USD

2021-07-22 * "Rose Flower" "Eating out alone"
  Liabilities:US:Chase:Slate                       -14.80 USD
  Expenses:Food:Restaurant                          14.80 USD

2021-07-25 * "Cafe Modagor" "Eating out with Bill"
  Liabilities:US:Chase:Slate                       -26.80 USD
  Expenses:Food:Restaurant                          26.80 USD

2021-07-26 * "Metro Transport Authority" "Tram tickets"
  Liabilities:US:Chase:Slate                      -120.00 USD
  Expenses:Transport:Tram                          120.00 USD

2021-07-29 * "Jewel of Morroco" "Eating out with work buddies"
  Liabilities:US:Chase:Slate                       -52.25 USD
  Expenses:Food:Restaurant                          52.25 USD

2021-07-31 * "Rose Flower" "Eating out with Joe"
  Liabilities:US:Chase:Slate                       -40.74 USD
  Expenses:Food:Restaurant                          40.74 USD

2021-08-03 * "Jewel of Morroco" "Eating out after work"
  Liabilities:US:Chase:Slate                       -23.06 USD
  Expenses:Food:Restaurant                          23.06 USD

2021-08-03 * "Farmer Fresh" "Buying groceries"
  Liabilities:US:Chase:Slate                      -105.18 USD
  Expenses:Food:Groceries                          105.18 USD

2021-08-06 * "Goba Goba" "Eating out with work buddies"
  Liabilities:US:Chase:Slate                       -36.71 USD
  Expenses:Food:Restaurant                          36.71 USD

2021-08-07 balance Liabilities:US:Chase:Slate     -639.87 USD

2021-08-09 * "Rose Flower" "Eating out with Julie"
  Liabilities:US:Chase:Slate                       -35.32 USD
  Expenses:Food:Restaurant                          35.32 USD

2021-08-11 * "Good Moods Market" "Buying groceries"
  Liabilities:US:Chase:Slate                      -131.12 USD
  Expenses:Food:Groceries                          131.12 USD

2021-08-11 * "Chase:Slate" "Paying off credit card"
  Liabilities:US:Chase:Slate                       806.31 USD
  Assets:US:BofA:Checking                         -806.31 USD

2021-08-13 * "Uncle Boons" "Eating out with Bill"
  Liabilities:US:Chase:Slate                       -21.28 USD
  Expenses:Food:Restaurant                          21.28 USD

2021-08-14 * "Cafe Modagor" "Eating out with work buddies"
  Liabilities:US:Chase:Slate                       -14.43 USD
  Expenses:Food:Restaurant                          14.43 USD

2021-08-16 * "Rose Flower" "Eating out after work"
  Liabilities:US:Chase:Slate                       -27.15 USD
  Expenses:Food:Restaurant                          27.15 USD

2021-08-16 * "Good Moods Market" "Buying groceries"
  Liabilities:US:Chase:Slate                       -84.17 USD
  Expenses:Food:Groceries                           84.17 USD

2021-08-18 * "Uncle Boons" "Eating out after work"
  Liabilities:US:Chase:Slate                       -44.88 USD
  Expenses:Food:Restaurant                          44.88 USD

2021-08-21 * "China Garden" "Eating out with work buddies"
  Liabilities:US:Chase:Slate                       -24.09 USD
  Expenses:Food:Restaurant                          24.09 USD

2021-08-23 * "Metro Transport Authority" "Tram tickets"
  Liabilities:US:Chase:Slate                      -120.00 USD
  Expenses:Transport:Tram                          120.00 USD

2021-08-25 * "Good Moods Market" "Buying groceries"
  Liabilities:US:Chase:Slate                       -45.85 USD
  Expenses:Food:Groceries                           45.85 USD

2021-08-26 * "Uncle Boons" "Eating out with Julie"
  Liabilities:US:Chase:Slate                       -56.90 USD
  Expenses:Food:Restaurant                          56.90 USD

2021-08-28 * "Rose Flower" "Eating out alone"
  Liabilities:US:Chase:Slate                       -37.28 USD
  Expenses:Food:Restaurant                          37.28 USD

2021-08-31 * "Rose Flower" "Eating out after work"
  Liabilities:US:Chase:Slate                       -32.22 USD
  Expenses:Food:Restaurant                          32.22 USD

2021-09-02 balance Liabilities:US:Chase:Slate     -508.25 USD

2021-09-03 * "Cafe Modagor" "Eating out with Joe"
  Liabilities:US:Chase:Slate                       -40.64 USD
  Expenses:Food:Restaurant                          40.64 USD

2021-09-06 * "Jewel of Morroco" "Eating out after work"
  Liabilities:US:Chase:Slate                       -30.60 USD
  Expenses:Food:Restaurant                          30.60 USD

2021-09-07 * "Chase:Slate" "Paying off credit card"
  Liabilities:US:Chase:Slate                       600.11 USD
  Assets:US:BofA:Checking                         -600.11 USD

2021-09-09 * "Uncle Boons" "Eating out alone"
  Liabilities:US:Chase:Slate                       -20.62 USD
  Expenses:Food:Restaurant                          20.62 USD

2021-09-10 * "Onion Market" "Buying groceries"
  Liabilities:US:Chase:Slate                       -82.87 USD
  Expenses:Food:Groceries                           82.87 USD

2021-09-13 * "Rose Flower" "Eating out after work"
  Liabilities:US:Chase:Slate                       -75.75 USD
  Expenses:Food:Restaurant                          75.75 USD

2021-09-18 * "Cafe Modagor" "Eating out with Joe"
  Liabilities:US:Chase:Slate                       -32.00 USD
  Expenses:Food:Restaurant                          32.00 USD

2021-09-23 * "Kin Soy" "Eating out after work"
  Liabilities:US:Chase:Slate                       -29.95 USD
  Expenses:Food:Restaurant                          29.95 USD

2021-09-23 * "Metro Transport Authority" "Tram tickets"
  Liabilities:US:Chase:Slate                      -120.00 USD
  Expenses:Transport:Tram                          120.00 USD

2021-09-26 * "China Garden" "Eating out with Joe"
  Liabilities:US:Chase:Slate                       -30.15 USD
  Expenses:Food:Restaurant                          30.15 USD

2021-09-27 balance Liabilities:US:Chase:Slate     -370.72 USD

2021-09-29 * "Farmer Fresh" "Buying groceries"
  Liabilities:US:Chase:Slate                       -51.18 USD
  Expenses:Food:Groceries                           51.18 USD

2021-10-01 * "Kin Soy" "Eating out with work buddies"
  Liabilities:US:Chase:Slate                       -43.71 USD
  Expenses:Food:Restaurant                          43.71 USD

2021-10-05 * "Chichipotle" "Eating out alone"
  Liabilities:US:Chase:Slate                       -18.90 USD
  Expenses:Food:Restaurant                          18.90 USD

2021-10-09 * "Chichipotle" "Eating out with Natasha"
  Liabilities:US:Chase:Slate                       -37.96 USD
  Expenses:Food:Restaurant                          37.96 USD

2021-10-11 * "Chase:Slate" "Paying off credit card"
  Liabilities:US:Chase:Slate                       573.71 USD
  Assets:US:BofA:Checking                         -573.71 USD

2021-10-14 * "Jewel of Morroco" "Eating out with Natasha"
  Liabilities:US:Chase:Slate                       -51.24 USD
  Expenses:Food:Restaurant                          51.24 USD

2021-10-17 * "China Garden" "Eating out "
  Liabilities:US:Chase:Slate                       -48.99 USD
  Expenses:Food:Restaurant                          48.99 USD

2021-10-19 * "Onion Market" "Buying groceries"
  Liabilities:US:Chase:Slate                       -87.00 USD
  Expenses:Food:Groceries                           87.00 USD

2021-10-20 * "Metro Transport Authority" "Tram tickets"
  Liabilities:US:Chase:Slate                      -120.00 USD
  Expenses:Transport:Tram                          120.00 USD

2021-10-21 * "Goba Goba" "Eating out with Julie"
  Liabilities:US:Chase:Slate                       -40.14 USD
  Expenses:Food:Restaurant                          40.14 USD

2021-10-22 balance Liabilities:US:Chase:Slate     -296.13 USD

2021-10-26 * "China Garden" "Eating out alone"
  Liabilities:US:Chase:Slate                       -18.38 USD
  Expenses:Food:Restaurant                          18.38 USD

2021-10-27 * "Cafe Modagor" "Eating out with Natasha"
  Liabilities:US:Chase:Slate                       -45.43 USD
  Expenses:Food:Restaurant                          45.43 USD

2021-10-31 * "Goba Goba" "Eating out after work"
  Liabilities:US:Chase:Slate                       -16.32 USD
  Expenses:Food:Restaurant                          16.32 USD

2021-11-02 * "China Garden" "Eating out alone"
  Liabilities:US:Chase:Slate                       -58.82 USD
  Expenses:Food:Restaurant                          58.82 USD

2021-11-03 * "Kin Soy" "Eating out after work"
  Liabilities:US:Chase:Slate                       -45.71 USD
  Expenses:Food:Restaurant                          45.71 USD

2021-11-05 * "Goba Goba" "Eating out with Bill"
  Liabilities:US:Chase:Slate                       -27.92 USD
  Expenses:Food:Restaurant                          27.92 USD

2021-11-06 * "Farmer Fresh" "Buying groceries"
  Liabilities:US:Chase:Slate                       -97.06 USD
  Expenses:Food:Groceries                           97.06 USD

2021-11-10 * "Goba Goba" "Eating out with Joe"
  Liabilities:US:Chase:Slate                       -20.53 USD
  Expenses:Food:Restaurant                          20.53 USD

2021-11-10 * "Chase:Slate" "Paying off credit card"
  Liabilities:US:Chase:Slate                       626.30 USD
  Assets:US:BofA:Checking                         -626.30 USD

2021-11-11 * "China Garden" "Eating out "
  Liabilities:US:Chase:Slate                       -20.34 USD
  Expenses:Food:Restaurant                          20.34 USD

2021-11-11 * "Corner Deli" "Buying groceries"
  Liabilities:US:Chase:Slate                       -88.44 USD
  Expenses:Food:Groceries                           88.44 USD

2021-11-14 balance Liabilities:US:Chase:Slate     -108.78 USD

2021-11-15 * "Rose Flower" "Eating out with Julie"
  Liabilities:US:Chase:Slate                       -52.38 USD
  Expenses:Food:Restaurant                          52.38 USD

2021-11-20 * "Cafe Modagor" "Eating out with work buddies"
  Liabilities:US:Chase:Slate                       -29.33 USD
  Expenses:Food:Restaurant                          29.33 USD

2021-11-22 * "Metro Transport Authority" "Tram tickets"
  Liabilities:US:Chase:Slate                      -120.00 USD
  Expenses:Transport:Tram                          120.00 USD

2021-11-25 * "Uncle Boons" "Eating out with Julie"
  Liabilities:US:Chase:Slate                       -20.13 USD
  Expenses:Food:Restaurant                          20.13 USD

2021-11-25 * "Farmer Fresh" "Buying groceries"
  Liabilities:US:Chase:Slate                       -85.96 USD
  Expenses:Food:Groceries                           85.96 USD

2021-11-30 * "Goba Goba" "Eating out after work"
  Liabilities:US:Chase:Slate                       -35.96 USD
  Expenses:Food:Restaurant                          35.96 USD

2021-12-01 * "Goba Goba" "Eating out alone"
  Liabilities:US:Chase:Slate                       -31.92 USD
  Expenses:Food:Restaurant                          31.92 USD

2021-12-05 * "China Garden" "Eating out with Julie"
  Liabilities:US:Chase:Slate                       -32.18 USD
  Expenses:Food:Restaurant                          32.18 USD

2021-12-08 * "Uncle Boons" "Eating out alone"
  Liabilities:US:Chase:Slate                       -26.15 USD
  Expenses:Food:Restaurant                          26.15 USD

2021-12-08 * "Chase:Slate" "Paying off credit card"
  Liabilities:US:Chase:Slate                       542.79 USD
  Assets:US:BofA:Checking                         -542.79 USD

2021-12-10 * "Corner Deli" "Buying groceries"
  Liabilities:US:Chase:Slate                       -44.58 USD
  Expenses:Food:Groceries                           44.58 USD

2021-12-11 * "Goba Goba" "Eating out after work"
  Liabilities:US:Chase:Slate                       -50.36 USD
  Expenses:Food:Restaurant                          50.36 USD

2021-12-13 balance Liabilities:US:Chase:Slate      -94.94 USD

2021-12-13 * "Chichipotle" "Eating out with Julie"
  Liabilities:US:Chase:Slate                       -26.65 USD
  Expenses:Food:Restaurant                          26.65 USD

2021-12-15 * "Goba Goba" "Eating out alone"
  Liabilities:US:Chase:Slate                       -15.37 USD
  Expenses:Food:Restaurant                          15.37 USD

2021-12-18 * "China Garden" "Eating out with Bill"
  Liabilities:US:Chase:Slate                       -35.63 USD
  Expenses:Food:Restaurant                          35.63 USD

2021-12-19 * "Metro Transport Authority" "Tram tickets"
  Liabilities:US:Chase:Slate                      -120.00 USD
  Expenses:Transport:Tram                          120.00 USD

2021-12-20 * "Uncle Boons" "Eating out with Joe"
  Liabilities:US:Chase:Slate                       -28.44 USD
  Expenses:Food:Restaurant                          28.44 USD

2021-12-22 * "China Garden" "Eating out alone"
  Liabilities:US:Chase:Slate                       -51.21 USD
  Expenses:Food:Restaurant                          51.21 USD

2021-12-22 * "Farmer Fresh" "Buying groceries"
  Liabilities:US:Chase:Slate                       -98.92 USD
  Expenses:Food:Groceries                           98.92 USD

2021-12-23 * "Chichipotle" "Eating out alone"
  Liabilities:US:Chase:Slate                       -29.81 USD
  Expenses:Food:Restaurant                          29.81 USD

2021-12-28 * "Goba Goba" "Eating out with Bill"
  Liabilities:US:Chase:Slate                       -13.24 USD
  Expenses:Food:Restaurant                          13.24 USD

2021-12-29 * "Uncle Boons" "Eating out alone"
  Liabilities:US:Chase:Slate                       -27.23 USD
  Expenses:Food:Restaurant                          27.23 USD

2022-01-01 * "Cafe Modagor" "Eating out after work"
  Liabilities:US:Chase:Slate                       -16.68 USD
  Expenses:Food:Restaurant                          16.68 USD

2022-01-05 * "Kin Soy" "Eating out with Joe"
  Liabilities:US:Chase:Slate                       -15.06 USD
  Expenses:Food:Restaurant                          15.06 USD

2022-01-07 * "Corner Deli" "Buying groceries"
  Liabilities:US:Chase:Slate                       -89.87 USD
  Expenses:Food:Groceries                           89.87 USD

2022-01-09 balance Liabilities:US:Chase:Slate     -663.05 USD

2022-01-09 * "Jewel of Morroco" "Eating out "
  Liabilities:US:Chase:Slate                       -45.84 USD
  Expenses:Food:Restaurant                          45.84 USD

2022-01-09 * "Chase:Slate" "Paying off credit card"
  Liabilities:US:Chase:Slate                       708.89 USD
  Assets:US:BofA:Checking                         -708.89 USD

2022-01-13 * "Goba Goba" "Eating out after work"
  Liabilities:US:Chase:Slate                       -51.30 USD
  Expenses:Food:Restaurant                          51.30 USD

2022-01-17 * "Uncle Boons" "Eating out with work buddies"
  Liabilities:US:Chase:Slate                       -14.29 USD
  Expenses:Food:Restaurant                          14.29 USD

2022-01-20 * "Metro Transport Authority" "Tram tickets"
  Liabilities:US:Chase:Slate                      -120.00 USD
  Expenses:Transport:Tram                          120.00 USD

2022-01-22 * "Chichipotle" "Eating out alone"
  Liabilities:US:Chase:Slate                       -29.20 USD
  Expenses:Food:Restaurant                          29.20 USD

2022-01-26 * "Cafe Modagor" "Eating out after work"
  Liabilities:US:Chase:Slate                       -31.77 USD
  Expenses:Food:Restaurant                          31.77 USD

2022-01-26 * "Farmer Fresh" "Buying groceries"
  Liabilities:US:Chase:Slate                       -54.09 USD
  Expenses:Food:Groceries                           54.09 USD

2022-01-29 event "location" "New York"

2022-01-30 * "Cafe Select" "" #trip-new-york-2022
  Liabilities:US:Chase:Slate                       -29.94 USD
  Expenses:Food:Restaurant                          29.94 USD

2022-01-30 * "Takahachi" "" #trip-new-york-2022
  Liabilities:US:Chase:Slate                       -58.25 USD
  Expenses:Food:Restaurant                          58.25 USD

2022-01-31 * "Takahachi" "" #trip-new-york-2022
  Liabilities:US:Chase:Slate                       -45.76 USD
  Expenses:Food:Restaurant                          45.76 USD

2022-01-31 * "La Colombe" "" #trip-new-york-2022
  Liabilities:US:Chase:Slate                        -6.00 USD
  Expenses:Food:Coffee                               6.00 USD

2022-02-01 * "Takahachi" "" #trip-new-york-2022
  Liabilities:US:Chase:Slate                       -49.84 USD
  Expenses:Food:Restaurant                          49.84 USD

2022-02-02 * "Gimme! Coffee" "" #trip-new-york-2022
  Liabilities:US:Chase:Slate                        -6.18 USD
  Expenses:Food:Coffee                               6.18 USD

2022-02-03 * "Uncle Boons" "" #trip-new-york-2022
  Liabilities:US:Chase:Slate                       -37.27 USD
  Expenses:Food:Restaurant                          37.27 USD

2022-02-03 * "Laut" "" #trip-new-york-2022
  Liabilities:US:Chase:Slate                       -26.53 USD
  Expenses:Food:Restaurant                          26.53 USD

2022-02-04 * "Uncle Boons" "" #trip-new-york-2022
  Liabilities:US:Chase:Slate                       -46.73 USD
  Expenses:Food:Restaurant                          46.73 USD

2022-02-04 * "Laut" "" #trip-new-york-2022
  Liabilities:US:Chase:Slate                       -32.91 USD
  Expenses:Food:Restaurant                          32.91 USD

2022-02-05 * "Cafe Select" "" #trip-new-york-2022
  Liabilities:US:Chase:Slate                       -23.18 USD
  Expenses:Food:Restaurant                          23.18 USD

2022-02-06 * "Uncle Boons" "" #trip-new-york-2022
  Liabilities:US:Chase:Slate                       -37.52 USD
  Expenses:Food:Restaurant                          37.52 USD

2022-02-07 * "Gimme! Coffee" "" #trip-new-york-2022
  Liabilities:US:Chase:Slate                        -6.34 USD
  Expenses:Food:Coffee                               6.34 USD

2022-02-08 balance Liabilities:US:Chase:Slate     -707.10 USD

2022-02-08 * "La Colombe" "" #trip-new-york-2022
  Liabilities:US:Chase:Slate                        -6.39 USD
  Expenses:Food:Coffee                               6.39 USD

2022-02-08 * "Chase:Slate" "Paying off credit card"
  Liabilities:US:Chase:Slate                       318.13 USD
  Assets:US:BofA:Checking                         -318.13 USD

2022-02-09 * "Cafe Select" "" #trip-new-york-2022
  Liabilities:US:Chase:Slate                       -34.94 USD
  Expenses:Food:Restaurant                          34.94 USD

2022-02-09 * "Laut" "" #trip-new-york-2022
  Liabilities:US:Chase:Slate                       -25.96 USD
  Expenses:Food:Restaurant                          25.96 USD

2022-02-10 * "Takahachi" "" #trip-new-york-2022
  Liabilities:US:Chase:Slate                       -52.00 USD
  Expenses:Food:Restaurant                          52.00 USD

2022-02-10 * "Gimme! Coffee" "" #trip-new-york-2022
  Liabilities:US:Chase:Slate                        -6.08 USD
  Expenses:Food:Coffee                               6.08 USD

2022-02-11 * "Takahachi" "" #trip-new-york-2022
  Liabilities:US:Chase:Slate                       -47.14 USD
  Expenses:Food:Restaurant                          47.14 USD

2022-02-11 * "Laut" "" #trip-new-york-2022
  Liabilities:US:Chase:Slate                       -34.95 USD
  Expenses:Food:Restaurant                          34.95 USD

2022-02-11 * "Gimme! Coffee" "" #trip-new-york-2022
  Liabilities:US:Chase:Slate                        -8.18 USD
  Expenses:Food:Coffee                               8.18 USD

2022-02-12 * "Takahachi" "" #trip-new-york-2022
  Liabilities:US:Chase:Slate                       -47.49 USD
  Expenses:Food:Restaurant                          47.49 USD

2022-02-13 * "Takahachi" "" #trip-new-york-2022
  Liabilities:US:Chase:Slate                       -51.74 USD
  Expenses:Food:Restaurant                          51.74 USD

2022-02-14 * "Uncle Boons" "" #trip-new-york-2022
  Liabilities:US:Chase:Slate                       -26.66 USD
  Expenses:Food:Restaurant                          26.66 USD

2022-02-14 * "Laut" "" #trip-new-york-2022
  Liabilities:US:Chase:Slate                       -34.30 USD
  Expenses:Food:Restaurant                          34.30 USD

2022-02-14 * "La Colombe" "" #trip-new-york-2022
  Liabilities:US:Chase:Slate                        -3.50 USD
  Expenses:Food:Coffee                               3.50 USD

2022-02-14 * "Gimme! Coffee" "" #trip-new-york-2022
  Liabilities:US:Chase:Slate                        -6.97 USD
  Expenses:Food:Coffee                               6.97 USD

2022-02-15 * "Uncle Boons" "" #trip-new-york-2022
  Liabilities:US:Chase:Slate                       -36.19 USD
  Expenses:Food:Restaurant                          36.19 USD

2022-02-15 * "La Colombe" "" #trip-new-york-2022
  Liabilities:US:Chase:Slate                        -5.26 USD
  Expenses:Food:Coffee                               5.26 USD

2022-02-16 * "Laut" "" #trip-new-york-2022
  Liabilities:US:Chase:Slate                       -31.16 USD
  Expenses:Food:Restaurant                          31.16 USD

2022-02-17 * "Laut" "" #trip-new-york-2022
  Liabilities:US:Chase:Slate                       -38.50 USD
  Expenses:Food:Restaurant                          38.50 USD

2022-02-18 * "La Colombe" "" #trip-new-york-2022
  Liabilities:US:Chase:Slate                        -7.70 USD
  Expenses:Food:Coffee                               7.70 USD

2022-02-19 * "Uncle Boons" "Eating out after work"
  Liabilities:US:Chase:Slate                       -17.48 USD
  Expenses:Food:Restaurant                          17.48 USD

2022-02-19 * "Uncle Boons" "" #trip-new-york-2022
  Liabilities:US:Chase:Slate                       -31.89 USD
  Expenses:Food:Restaurant                          31.89 USD

2022-02-19 * "Consume vacation days"
  Assets:US:Babble:Vacation                          -168 VACHR
  Expenses:Vacation                                   168 VACHR

2022-02-19 event "location" "New Metropolis"

2022-02-20 * "Metro Transport Authority" "Tram tickets"
  Liabilities:US:Chase:Slate                      -120.00 USD
  Expenses:Transport:Tram                          120.00 USD

2022-02-23 * "Kin Soy" "Eating out with Joe"
  Liabilities:US:Chase:Slate                       -30.41 USD
  Expenses:Food:Restaurant                          30.41 USD

2022-02-23 * "Corner Deli" "Buying groceries"
  Liabilities:US:Chase:Slate                       -86.96 USD
  Expenses:Food:Groceries                           86.96 USD

2022-02-25 * "Cafe Modagor" "Eating out with Julie"
  Liabilities:US:Chase:Slate                       -28.64 USD
  Expenses:Food:Restaurant                          28.64 USD

2022-02-27 * "Chichipotle" "Eating out alone"
  Liabilities:US:Chase:Slate                       -24.23 USD
  Expenses:Food:Restaurant                          24.23 USD

2022-03-03 balance Liabilities:US:Chase:Slate    -1233.69 USD

2022-03-03 * "Jewel of Morroco" "Eating out with Bill"
  Liabilities:US:Chase:Slate                       -20.18 USD
  Expenses:Food:Restaurant                          20.18 USD

2022-03-04 * "Goba Goba" "Eating out "
  Liabilities:US:Chase:Slate                       -13.92 USD
  Expenses:Food:Restaurant                          13.92 USD

2022-03-07 * "Jewel of Morroco" "Eating out with Julie"
  Liabilities:US:Chase:Slate                       -19.60 USD
  Expenses:Food:Restaurant                          19.60 USD

2022-03-07 * "Farmer Fresh" "Buying groceries"
  Liabilities:US:Chase:Slate                      -113.40 USD
  Expenses:Food:Groceries                          113.40 USD

2022-03-07 * "Chase:Slate" "Paying off credit card"
  Liabilities:US:Chase:Slate                       343.94 USD
  Assets:US:BofA:Checking                         -343.94 USD

2022-03-11 * "Rose Flower" "Eating out with Julie"
  Liabilities:US:Chase:Slate                       -32.37 USD
  Expenses:Food:Restaurant                          32.37 USD

2022-03-14 * "Kin Soy" "Eating out with Natasha"
  Liabilities:US:Chase:Slate                       -64.47 USD
  Expenses:Food:Restaurant                          64.47 USD

2022-03-17 * "China Garden" "Eating out with Natasha"
  Liabilities:US:Chase:Slate                       -32.97 USD
  Expenses:Food:Restaurant                          32.97 USD

2022-03-19 * "Onion Market" "Buying groceries"
  Liabilities:US:Chase:Slate                       -96.73 USD
  Expenses:Food:Groceries                           96.73 USD

2022-03-21 * "Cafe Modagor" "Eating out with Bill"
  Liabilities:US:Chase:Slate                       -30.05 USD
  Expenses:Food:Restaurant                          30.05 USD

2022-03-21 * "Metro Transport Authority" "Tram tickets"
  Liabilities:US:Chase:Slate                      -120.00 USD
  Expenses:Transport:Tram                          120.00 USD

2022-03-25 * "Rose Flower" "Eating out with Joe"
  Liabilities:US:Chase:Slate                       -18.82 USD
  Expenses:Food:Restaurant                          18.82 USD

2022-03-26 balance Liabilities:US:Chase:Slate    -1452.26 USD

2022-03-30 * "Cafe Modagor" "Eating out with Bill"
  Liabilities:US:Chase:Slate                       -33.79 USD
  Expenses:Food:Restaurant                          33.79 USD

2022-04-01 * "Jewel of Morroco" "Eating out with work buddies"
  Liabilities:US:Chase:Slate                       -26.89 USD
  Expenses:Food:Restaurant                          26.89 USD

2022-04-02 * "Corner Deli" "Buying groceries"
  Liabilities:US:Chase:Slate                       -50.34 USD
  Expenses:Food:Groceries                           50.34 USD

2022-04-05 * "Cafe Modagor" "Eating out alone"
  Liabilities:US:Chase:Slate                       -15.01 USD
  Expenses:Food:Restaurant                          15.01 USD

2022-04-07 * "Rose Flower" "Eating out with Julie"
  Liabilities:US:Chase:Slate                       -18.01 USD
  Expenses:Food:Restaurant                          18.01 USD

2022-04-09 * "Cafe Modagor" "Eating out with Bill"
  Liabilities:US:Chase:Slate                       -43.30 USD
  Expenses:Food:Restaurant                          43.30 USD

2022-04-10 * "Chase:Slate" "Paying off credit card"
  Liabilities:US:Chase:Slate                       734.17 USD
  Assets:US:BofA:Checking                         -734.17 USD

2022-04-13 * "Kin Soy" "Eating out alone"
  Liabilities:US:Chase:Slate                       -38.02 USD
  Expenses:Food:Restaurant                          38.02 USD

2022-04-15 * "Jewel of Morroco" "Eating out with Natasha"
  Liabilities:US:Chase:Slate                       -28.62 USD
  Expenses:Food:Restaurant                          28.62 USD

2022-04-18 * "Uncle Boons" "Eating out with Julie"
  Liabilities:US:Chase:Slate                       -27.26 USD
  Expenses:Food:Restaurant                          27.26 USD

2022-04-19 * "Metro Transport Authority" "Tram tickets"
  Liabilities:US:Chase:Slate                      -120.00 USD
  Expenses:Transport:Tram                          120.00 USD

2022-04-22 balance Liabilities:US:Chase:Slate    -1119.33 USD

2022-04-22 * "Corner Deli" "Buying groceries"
  Liabilities:US:Chase:Slate                       -84.54 USD
  Expenses:Food:Groceries                           84.54 USD

2022-04-23 * "Uncle Boons" "Eating out after work"
  Liabilities:US:Chase:Slate                       -18.15 USD
  Expenses:Food:Restaurant                          18.15 USD

2022-04-26 * "Jewel of Morroco" "Eating out with Joe"
  Liabilities:US:Chase:Slate                       -29.17 USD
  Expenses:Food:Restaurant                          29.17 USD

2022-04-27 * "Cafe Modagor" "Eating out with Julie"
  Liabilities:US:Chase:Slate                       -67.06 USD
  Expenses:Food:Restaurant                          67.06 USD

2022-05-02 * "Cafe Modagor" "Eating out "
  Liabilities:US:Chase:Slate                       -16.82 USD
  Expenses:Food:Restaurant                          16.82 USD

2022-05-04 * "Kin Soy" "Eating out alone"
  Liabilities:US:Chase:Slate                       -21.27 USD
  Expenses:Food:Restaurant                          21.27 USD

2022-05-05 * "Goba Goba" "Eating out with Joe"
  Liabilities:US:Chase:Slate                       -21.76 USD
  Expenses:Food:Restaurant                          21.76 USD

2022-05-06 * "Onion Market" "Buying groceries"
  Liabilities:US:Chase:Slate                       -69.84 USD
  Expenses:Food:Groceries                           69.84 USD

2022-05-09 * "China Garden" "Eating out alone"
  Liabilities:US:Chase:Slate                       -26.74 USD
  Expenses:Food:Restaurant                          26.74 USD

2022-05-11 * "Uncle Boons" "Eating out with Joe"
  Liabilities:US:Chase:Slate                       -53.59 USD
  Expenses:Food:Restaurant                          53.59 USD

2022-05-11 * "Chase:Slate" "Paying off credit card"
  Liabilities:US:Chase:Slate                       584.82 USD
  Assets:US:BofA:Checking                         -584.82 USD

2022-05-16 balance Liabilities:US:Chase:Slate     -943.45 USD

2022-05-16 * "China Garden" "Eating out alone"
  Liabilities:US:Chase:Slate                       -31.03 USD
  Expenses:Food:Restaurant                          31.03 USD

2022-05-16 * "Good Moods Market" "Buying groceries"
  Liabilities:US:Chase:Slate                       -65.44 USD
  Expenses:Food:Groceries                           65.44 USD

2022-05-16 * "Metro Transport Authority" "Tram tickets"
  Liabilities:US:Chase:Slate                      -120.00 USD
  Expenses:Transport:Tram                          120.00 USD

2022-05-18 * "China Garden" "Eating out with Joe"
  Liabilities:US:Chase:Slate                       -45.46 USD
  Expenses:Food:Restaurant                          45.46 USD

2022-05-19 * "Uncle Boons" "Eating out with Joe"
  Liabilities:US:Chase:Slate                       -17.21 USD
  Expenses:Food:Restaurant                          17.21 USD

2022-05-22 * "China Garden" "Eating out with Natasha"
  Liabilities:US:Chase:Slate                       -31.96 USD
  Expenses:Food:Restaurant                          31.96 USD

2022-05-27 * "Rose Flower" "Eating out "
  Liabilities:US:Chase:Slate                       -28.41 USD
  Expenses:Food:Restaurant                          28.41 USD

2022-05-28 * "Corner Deli" "Buying groceries"
  Liabilities:US:Chase:Slate                      -102.13 USD
  Expenses:Food:Groceries                          102.13 USD

2022-05-29 * "Chichipotle" "Eating out alone"
  Liabilities:US:Chase:Slate                       -50.00 USD
  Expenses:Food:Restaurant                          50.00 USD

2022-05-31 * "Cafe Modagor" "Eating out with Natasha"
  Liabilities:US:Chase:Slate                       -49.38 USD
  Expenses:Food:Restaurant                          49.38 USD

2022-06-04 * "Jewel of Morroco" "Eating out after work"
  Liabilities:US:Chase:Slate                       -14.70 USD
  Expenses:Food:Restaurant                          14.70 USD

2022-06-06 * "Chichipotle" "Eating out with work buddies"
  Liabilities:US:Chase:Slate                       -50.57 USD
  Expenses:Food:Restaurant                          50.57 USD

2022-06-09 * "Chase:Slate" "Paying off credit card"
  Liabilities:US:Chase:Slate                       630.21 USD
  Assets:US:BofA:Checking                         -630.21 USD

2022-06-10 balance Liabilities:US:Chase:Slate     -919.53 USD

2022-06-11 * "Kin Soy" "Eating out with Bill"
  Liabilities:US:Chase:Slate                       -23.92 USD
  Expenses:Food:Restaurant                          23.92 USD

2022-06-12 * "Metro Transport Authority" "Tram tickets"
  Liabilities:US:Chase:Slate                      -120.00 USD
  Expenses:Transport:Tram                          120.00 USD

2022-06-13 * "Corner Deli" "Buying groceries"
  Liabilities:US:Chase:Slate                       -48.13 USD
  Expenses:Food:Groceries                           48.13 USD

2022-06-15 * "Kin Soy" "Eating out with Natasha"
  Liabilities:US:Chase:Slate                      -102.48 USD
  Expenses:Food:Restaurant                         102.48 USD

2022-06-19 * "Rose Flower" "Eating out with work buddies"
  Liabilities:US:Chase:Slate                       -55.95 USD
  Expenses:Food:Restaurant                          55.95 USD

2022-06-20 * "Rose Flower" "Eating out with Joe"
  Liabilities:US:Chase:Slate                       -29.06 USD
  Expenses:Food:Restaurant                          29.06 USD

2022-06-21 * "Jewel of Morroco" "Eating out with Julie"
  Liabilities:US:Chase:Slate                       -40.97 USD
  Expenses:Food:Restaurant                          40.97 USD

2022-06-22 * "Chichipotle" "Eating out alone"
  Liabilities:US:Chase:Slate                       -21.98 USD
  Expenses:Food:Restaurant                          21.98 USD

2022-06-24 * "Chichipotle" "Eating out with Julie"
  Liabilities:US:Chase:Slate                       -23.69 USD
  Expenses:Food:Restaurant                          23.69 USD

2022-06-24 * "Corner Deli" "Buying groceries"
  Liabilities:US:Chase:Slate                       -66.49 USD
  Expenses:Food:Groceries                           66.49 USD

2022-06-28 * "Chichipotle" "Eating out alone"
  Liabilities:US:Chase:Slate                       -22.13 USD
  Expenses:Food:Restaurant                          22.13 USD

2022-06-30 * "Corner Deli" "Buying groceries"
  Liabilities:US:Chase:Slate                       -59.10 USD
  Expenses:Food:Groceries                           59.10 USD

2022-07-01 balance Liabilities:US:Chase:Slate    -1533.43 USD

2022-07-03 * "Jewel of Morroco" "Eating out with work buddies"
  Liabilities:US:Chase:Slate                       -22.71 USD
  Expenses:Food:Restaurant                          22.71 USD

2022-07-05 * "Chichipotle" "Eating out after work"
  Liabilities:US:Chase:Slate                       -15.75 USD
  Expenses:Food:Restaurant                          15.75 USD

2022-07-08 * "Cafe Modagor" "Eating out with Bill"
  Liabilities:US:Chase:Slate                       -45.03 USD
  Expenses:Food:Restaurant                          45.03 USD

2022-07-08 * "Corner Deli" "Buying groceries"
  Liabilities:US:Chase:Slate                       -99.55 USD
  Expenses:Food:Groceries                           99.55 USD

2022-07-10 * "Chase:Slate" "Paying off credit card"
  Liabilities:US:Chase:Slate                       807.53 USD
  Assets:US:BofA:Checking                         -807.53 USD

2022-07-11 * "Cafe Modagor" "Eating out alone"
  Liabilities:US:Chase:Slate                       -34.51 USD
  Expenses:Food:Restaurant                          34.51 USD

2022-07-12 * "Goba Goba" "Eating out "
  Liabilities:US:Chase:Slate                       -18.61 USD
  Expenses:Food:Restaurant                          18.61 USD

2022-07-12 * "Metro Transport Authority" "Tram tickets"
  Liabilities:US:Chase:Slate                      -120.00 USD
  Expenses:Transport:Tram                          120.00 USD

2022-07-13 * "Onion Market" "Buying groceries"
  Liabilities:US:Chase:Slate                       -54.72 USD
  Expenses:Food:Groceries                           54.72 USD

2022-07-16 * "Kin Soy" "Eating out alone"
  Liabilities:US:Chase:Slate                       -19.10 USD
  Expenses:Food:Restaurant                          19.10 USD

2022-07-17 * "Rose Flower" "Eating out with Joe"
  Liabilities:US:Chase:Slate                       -37.65 USD
  Expenses:Food:Restaurant                          37.65 USD

2022-07-20 * "Chichipotle" "Eating out "
  Liabilities:US:Chase:Slate                       -40.07 USD
  Expenses:Food:Restaurant                          40.07 USD

2022-07-22 balance Liabilities:US:Chase:Slate    -1233.60 USD

2022-07-22 event "location" "Chicago"

2022-07-23 * "Star of Siam" "" #trip-chicago-2022
  Liabilities:US:Chase:Slate                       -28.29 USD
  Expenses:Food:Restaurant                          28.29 USD

2022-07-24 * "25 Degrees Burger Bar" "" #trip-chicago-2022
  Liabilities:US:Chase:Slate                       -19.69 USD
  Expenses:Food:Restaurant                          19.69 USD

2022-07-24 * "Eataly Chicago" "" #trip-chicago-2022
  Liabilities:US:Chase:Slate                       -33.50 USD
  Expenses:Food:Restaurant                          33.50 USD

2022-07-24 * "Argo Tea" "" #trip-chicago-2022
  Liabilities:US:Chase:Slate                        -6.60 USD
  Expenses:Food:Coffee                               6.60 USD

2022-07-25 * "Star of Siam" "" #trip-chicago-2022
  Liabilities:US:Chase:Slate                       -25.25 USD
  Expenses:Food:Restaurant                          25.25 USD

2022-07-25 * "Another Sports Pub" "" #trip-chicago-2022
  Liabilities:US:Chase:Slate                        -8.34 USD
  Expenses:Food:Alcohol                              8.34 USD

2022-07-25 * "Argo Tea" "" #trip-chicago-2022
  Liabilities:US:Chase:Slate                        -5.83 USD
  Expenses:Food:Coffee                               5.83 USD

2022-07-26 * "Mercadito" "" #trip-chicago-2022
  Liabilities:US:Chase:Slate                       -41.27 USD
  Expenses:Food:Restaurant                          41.27 USD

2022-07-26 * "Argo Tea" "" #trip-chicago-2022
  Liabilities:US:Chase:Slate                        -6.31 USD
  Expenses:Food:Coffee                               6.31 USD

2022-07-27 * "Another Sports Pub" "" #trip-chicago-2022
  Liabilities:US:Chase:Slate                       -10.77 USD
  Expenses:Food:Alcohol                             10.77 USD

2022-07-28 * "25 Degrees Burger Bar" "" #trip-chicago-2022
  Liabilities:US:Chase:Slate                       -22.11 USD
  Expenses:Food:Restaurant                          22.11 USD

2022-07-28 * "Eataly Chicago" "" #trip-chicago-2022
  Liabilities:US:Chase:Slate                       -48.04 USD
  Expenses:Food:Restaurant                          48.04 USD

2022-07-28 * "Another Sports Pub" "" #trip-chicago-2022
  Liabilities:US:Chase:Slate                       -12.55 USD
  Expenses:Food:Alcohol                             12.55 USD

2022-07-28 * "Argo Tea" "" #trip-chicago-2022
  Liabilities:US:Chase:Slate                        -6.41 USD
  Expenses:Food:Coffee                               6.41 USD

2022-07-29 * "Star of Siam" "" #trip-chicago-2022
  Liabilities:US:Chase:Slate                       -24.65 USD
  Expenses:Food:Restaurant                          24.65 USD

2022-07-29 * "Another Sports Pub" "" #trip-chicago-2022
  Liabilities:US:Chase:Slate                       -11.57 USD
  Expenses:Food:Alcohol                             11.57 USD

2022-07-29 * "Argo Tea" "" #trip-chicago-2022
  Liabilities:US:Chase:Slate                        -5.01 USD
  Expenses:Food:Coffee                               5.01 USD

2022-07-30 * "Star of Siam" "" #trip-chicago-2022
  Liabilities:US:Chase:Slate                       -26.50 USD
  Expenses:Food:Restaurant                          26.50 USD

2022-07-30 * "Mercadito" "" #trip-chicago-2022
  Liabilities:US:Chase:Slate                       -40.15 USD
  Expenses:Food:Restaurant                          40.15 USD

2022-07-30 * "25 Degrees Burger Bar" "" #trip-chicago-2022
  Liabilities:US:Chase:Slate                       -19.59 USD
  Expenses:Food:Restaurant                          19.59 USD

2022-07-30 * "Another Sports Pub" "" #trip-chicago-2022
  Liabilities:US:Chase:Slate                       -13.06 USD
  Expenses:Food:Alcohol                             13.06 USD

2022-07-31 * "Star of Siam" "" #trip-chicago-2022
  Liabilities:US:Chase:Slate                       -25.12 USD
  Expenses:Food:Restaurant                          25.12 USD

2022-07-31 * "Eataly Chicago" "" #trip-chicago-2022
  Liabilities:US:Chase:Slate                       -33.01 USD
  Expenses:Food:Restaurant                          33.01 USD

2022-07-31 * "Argo Tea" "" #trip-chicago-2022
  Liabilities:US:Chase:Slate                        -7.06 USD
  Expenses:Food:Coffee                               7.06 USD

2022-08-01 * "Star of Siam" "" #trip-chicago-2022
  Liabilities:US:Chase:Slate                       -25.85 USD
  Expenses:Food:Restaurant                          25.85 USD

2022-08-01 * "Eataly Chicago" "" #trip-chicago-2022
  Liabilities:US:Chase:Slate                       -38.44 USD
  Expenses:Food:Restaurant                          38.44 USD

2022-08-02 * "Eataly Chicago" "" #trip-chicago-2022
  Liabilities:US:Chase:Slate                       -47.03 USD
  Expenses:Food:Restaurant                          47.03 USD

2022-08-02 * "Another Sports Pub" "" #trip-chicago-2022
  Liabilities:US:Chase:Slate                       -11.99 USD
  Expenses:Food:Alcohol                             11.99 USD

2022-08-03 * "Mercadito" "" #trip-chicago-2022
  Liabilities:US:Chase:Slate                       -44.64 USD
  Expenses:Food:Restaurant                          44.64 USD

2022-08-03 * "25 Degrees Burger Bar" "" #trip-chicago-2022
  Liabilities:US:Chase:Slate                       -23.13 USD
  Expenses:Food:Restaurant                          23.13 USD

2022-08-03 * "Argo Tea" "" #trip-chicago-2022
  Liabilities:US:Chase:Slate                        -6.31 USD
  Expenses:Food:Coffee                               6.31 USD

2022-08-04 * "Star of Siam" "" #trip-chicago-2022
  Liabilities:US:Chase:Slate                       -26.41 USD
  Expenses:Food:Restaurant                          26.41 USD

2022-08-04 * "Another Sports Pub" "" #trip-chicago-2022
  Liabilities:US:Chase:Slate                        -8.36 USD
  Expenses:Food:Alcohol                              8.36 USD

2022-08-05 * "Another Sports Pub" "" #trip-chicago-2022
  Liabilities:US:Chase:Slate                       -11.29 USD
  Expenses:Food:Alcohol                             11.29 USD

2022-08-05 * "Argo Tea" "" #trip-chicago-2022
  Liabilities:US:Chase:Slate                        -6.56 USD
  Expenses:Food:Coffee                               6.56 USD

2022-08-06 * "Mercadito" "" #trip-chicago-2022
  Liabilities:US:Chase:Slate                       -42.77 USD
  Expenses:Food:Restaurant                          42.77 USD

2022-08-07 * "Mercadito" "" #trip-chicago-2022
  Liabilities:US:Chase:Slate                       -43.11 USD
  Expenses:Food:Restaurant                          43.11 USD

2022-08-07 * "25 Degrees Burger Bar" "" #trip-chicago-2022
  Liabilities:US:Chase:Slate                       -23.28 USD
  Expenses:Food:Restaurant                          23.28 USD

2022-08-08 * "Star of Siam" "" #trip-chicago-2022
  Liabilities:US:Chase:Slate                       -23.90 USD
  Expenses:Food:Restaurant                          23.90 USD

2022-08-08 * "Mercadito" "" #trip-chicago-2022
  Liabilities:US:Chase:Slate                       -35.38 USD
  Expenses:Food:Restaurant                          35.38 USD

2022-08-08 * "25 Degrees Burger Bar" "" #trip-chicago-2022
  Liabilities:US:Chase:Slate                       -22.00 USD
  Expenses:Food:Restaurant                          22.00 USD

2022-08-09 * "Star of Siam" "" #trip-chicago-2022
  Liabilities:US:Chase:Slate                       -25.01 USD
  Expenses:Food:Restaurant                          25.01 USD

2022-08-09 * "Eataly Chicago" "" #trip-chicago-2022
  Liabilities:US:Chase:Slate                       -43.93 USD
  Expenses:Food:Restaurant                          43.93 USD

2022-08-09 * "Argo Tea" "" #trip-chicago-2022
  Liabilities:US:Chase:Slate                        -6.10 USD
  Expenses:Food:Coffee                               6.10 USD

2022-08-10 * "Eataly Chicago" "" #trip-chicago-2022
  Liabilities:US:Chase:Slate                       -58.84 USD
  Expenses:Food:Restaurant                          58.84 USD

2022-08-11 * "Argo Tea" "" #trip-chicago-2022
  Liabilities:US:Chase:Slate                        -6.87 USD
  Expenses:Food:Coffee                               6.87 USD

2022-08-11 * "Consume vacation days"
  Assets:US:Babble:Vacation                          -160 VACHR
  Expenses:Vacation                                   160 VACHR

2022-08-11 * "Chase:Slate" "Paying off credit card"
  Liabilities:US:Chase:Slate                       310.26 USD
  Assets:US:BofA:Checking                         -310.26 USD

2022-08-11 event "location" "New Metropolis"

2022-08-13 * "China Garden" "Eating out with Natasha"
  Liabilities:US:Chase:Slate                       -20.11 USD
  Expenses:Food:Restaurant                          20.11 USD

2022-08-18 * "Rose Flower" "Eating out with Bill"
  Liabilities:US:Chase:Slate                       -27.37 USD
  Expenses:Food:Restaurant                          27.37 USD

2022-08-20 balance Liabilities:US:Chase:Slate    -2032.70 USD

2022-08-21 * "Jewel of Morroco" "Eating out after work"
  Liabilities:US:Chase:Slate                       -14.53 USD
  Expenses:Food:Restaurant                          14.53 USD

2022-08-26 * "China Garden" "Eating out "
  Liabilities:US:Chase:Slate                       -36.60 USD
  Expenses:Food:Restaurant                          36.60 USD

2022-08-27 * "Onion Market" "Buying groceries"
  Liabilities:US:Chase:Slate                      -141.82 USD
  Expenses:Food:Groceries                          141.82 USD

2022-08-28 * "Chichipotle" "Eating out with Natasha"
  Liabilities:US:Chase:Slate                       -46.87 USD
  Expenses:Food:Restaurant                          46.87 USD

2022-09-01 * "Rose Flower" "Eating out with Natasha"
  Liabilities:US:Chase:Slate                       -34.85 USD
  Expenses:Food:Restaurant                          34.85 USD

2022-09-05 * "Cafe Modagor" "Eating out after work"
  Liabilities:US:Chase:Slate                       -27.96 USD
  Expenses:Food:Restaurant                          27.96 USD

2022-09-06 * "Farmer Fresh" "Buying groceries"
  Liabilities:US:Chase:Slate                       -62.41 USD
  Expenses:Food:Groceries                           62.41 USD

2022-09-07 * "Uncle Boons" "Eating out "
  Liabilities:US:Chase:Slate                       -65.82 USD
  Expenses:Food:Restaurant                          65.82 USD

2022-09-10 balance Liabilities:US:Chase:Slate    -2463.56 USD

2022-09-10 * "Chase:Slate" "Paying off credit card"
  Liabilities:US:Chase:Slate                       486.11 USD
  Assets:US:BofA:Checking                         -486.11 USD

2022-09-11 * "Jewel of Morroco" "Eating out alone"
  Liabilities:US:Chase:Slate                       -27.88 USD
  Expenses:Food:Restaurant                          27.88 USD

2022-09-11 * "Metro Transport Authority" "Tram tickets"
  Liabilities:US:Chase:Slate                      -120.00 USD
  Expenses:Transport:Tram                          120.00 USD

2022-09-12 * "Onion Market" "Buying groceries"
  Liabilities:US:Chase:Slate                       -79.35 USD
  Expenses:Food:Groceries                           79.35 USD

2022-09-16 * "Goba Goba" "Eating out "
  Liabilities:US:Chase:Slate                       -32.16 USD
  Expenses:Food:Restaurant                          32.16 USD

2022-09-19 * "Jewel of Morroco" "Eating out "
  Liabilities:US:Chase:Slate                       -50.30 USD
  Expenses:Food:Restaurant                          50.30 USD

2022-09-19 * "Corner Deli" "Buying groceries"
  Liabilities:US:Chase:Slate                       -98.80 USD
  Expenses:Food:Groceries                           98.80 USD

2022-09-20 * "Cafe Modagor" "Eating out alone"
  Liabilities:US:Chase:Slate                       -39.32 USD
  Expenses:Food:Restaurant                          39.32 USD

2022-09-24 * "China Garden" "Eating out with Julie"
  Liabilities:US:Chase:Slate                       -25.16 USD
  Expenses:Food:Restaurant                          25.16 USD

2022-09-26 * "Cafe Modagor" "Eating out with work buddies"
  Liabilities:US:Chase:Slate                       -26.67 USD
  Expenses:Food:Restaurant                          26.67 USD

2022-09-27 * "Kin Soy" "Eating out with Natasha"
  Liabilities:US:Chase:Slate                       -23.51 USD
  Expenses:Food:Restaurant                          23.51 USD

2022-09-28 * "Cafe Modagor" "Eating out "
  Liabilities:US:Chase:Slate                       -53.64 USD
  Expenses:Food:Restaurant                          53.64 USD

2022-09-30 balance Liabilities:US:Chase:Slate    -2554.24 USD

2022-09-30 * "China Garden" "Eating out with Julie"
  Liabilities:US:Chase:Slate                       -31.52 USD
  Expenses:Food:Restaurant                          31.52 USD

2022-10-01 * "Kin Soy" "Eating out with Julie"
  Liabilities:US:Chase:Slate                       -48.13 USD
  Expenses:Food:Restaurant                          48.13 USD

2022-10-02 * "Farmer Fresh" "Buying groceries"
  Liabilities:US:Chase:Slate                       -81.63 USD
  Expenses:Food:Groceries                           81.63 USD

2022-10-06 * "Jewel of Morroco" "Eating out with Bill"
  Liabilities:US:Chase:Slate                       -42.03 USD
  Expenses:Food:Restaurant                          42.03 USD

2022-10-08 * "Onion Market" "Buying groceries"
  Liabilities:US:Chase:Slate                       -85.49 USD
  Expenses:Food:Groceries                           85.49 USD

2022-10-09 * "Metro Transport Authority" "Tram tickets"
  Liabilities:US:Chase:Slate                      -120.00 USD
  Expenses:Transport:Tram                          120.00 USD

2022-10-09 * "Chase:Slate" "Paying off credit card"
  Liabilities:US:Chase:Slate                       957.71 USD
  Assets:US:BofA:Checking                         -957.71 USD

2022-10-11 * "Rose Flower" "Eating out alone"
  Liabilities:US:Chase:Slate                       -35.95 USD
  Expenses:Food:Restaurant                          35.95 USD

2022-10-14 * "Goba Goba" "Eating out with work buddies"
  Liabilities:US:Chase:Slate                       -46.08 USD
  Expenses:Food:Restaurant                          46.08 USD

2022-10-15 * "Cafe Modagor" "Eating out "
  Liabilities:US:Chase:Slate                       -90.25 USD
  Expenses:Food:Restaurant                          90.25 USD

2022-10-19 * "Goba Goba" "Eating out with Julie"
  Liabilities:US:Chase:Slate                       -21.84 USD
  Expenses:Food:Restaurant                          21.84 USD

2022-10-19 * "Good Moods Market" "Buying groceries"
  Liabilities:US:Chase:Slate                       -58.61 USD
  Expenses:Food:Groceries                           58.61 USD

2022-10-21 balance Liabilities:US:Chase:Slate    -2258.06 USD

2022-10-23 * "Rose Flower" "Eating out with Joe"
  Liabilities:US:Chase:Slate                       -29.24 USD
  Expenses:Food:Restaurant                          29.24 USD

2022-10-28 * "Kin Soy" "Eating out alone"
  Liabilities:US:Chase:Slate                       -35.28 USD
  Expenses:Food:Restaurant                          35.28 USD

2022-10-29 * "Jewel of Morroco" "Eating out "
  Liabilities:US:Chase:Slate                       -37.52 USD
  Expenses:Food:Restaurant                          37.52 USD

2022-11-02 * "Rose Flower" "Eating out after work"
  Liabilities:US:Chase:Slate                       -45.35 USD
  Expenses:Food:Restaurant                          45.35 USD

2022-11-04 * "Cafe Modagor" "Eating out with Joe"
  Liabilities:US:Chase:Slate                       -27.59 USD
  Expenses:Food:Restaurant                          27.59 USD

2022-11-05 * "Onion Market" "Buying groceries"
  Liabilities:US:Chase:Slate                      -111.12 USD
  Expenses:Food:Groceries                          111.12 USD

2022-11-06 * "Goba Goba" "Eating out with Natasha"
  Liabilities:US:Chase:Slate                       -39.50 USD
  Expenses:Food:Restaurant                          39.50 USD

2022-11-06 * "Metro Transport Authority" "Tram tickets"
  Liabilities:US:Chase:Slate                      -120.00 USD
  Expenses:Transport:Tram                          120.00 USD

2022-11-09 * "Kin Soy" "Eating out with Julie"
  Liabilities:US:Chase:Slate                       -20.73 USD
  Expenses:Food:Restaurant                          20.73 USD

2022-11-10 * "Chase:Slate" "Paying off credit card"
  Liabilities:US:Chase:Slate                       740.50 USD
  Assets:US:BofA:Checking                         -740.50 USD

2022-11-13 balance Liabilities:US:Chase:Slate    -1983.89 USD

2022-11-14 * "China Garden" "Eating out alone"
  Liabilities:US:Chase:Slate                       -21.44 USD
  Expenses:Food:Restaurant                          21.44 USD

2022-11-15 * "Kin Soy" "Eating out with Natasha"
  Liabilities:US:Chase:Slate                       -26.40 USD
  Expenses:Food:Restaurant                          26.40 USD

2022-11-17 * "Uncle Boons" "Eating out with work buddies"
  Liabilities:US:Chase:Slate                       -40.60 USD
  Expenses:Food:Restaurant                          40.60 USD

2022-11-18 * "Rose Flower" "Eating out alone"
  Liabilities:US:Chase:Slate                       -46.46 USD
  Expenses:Food:Restaurant                          46.46 USD

2022-11-18 * "Good Moods Market" "Buying groceries"
  Liabilities:US:Chase:Slate                       -63.85 USD
  Expenses:Food:Groceries                           63.85 USD

2022-11-19 * "China Garden" "Eating out with Julie"
  Liabilities:US:Chase:Slate                       -23.89 USD
  Expenses:Food:Restaurant                          23.89 USD

2022-11-21 * "China Garden" "Eating out with Bill"
  Liabilities:US:Chase:Slate                       -23.23 USD
  Expenses:Food:Restaurant                          23.23 USD

2022-11-26 * "Uncle Boons" "Eating out with Bill"
  Liabilities:US:Chase:Slate                       -58.34 USD
  Expenses:Food:Restaurant                          58.34 USD

2022-11-30 * "Onion Market" "Buying groceries"
  Liabilities:US:Chase:Slate                       -63.80 USD
  Expenses:Food:Groceries                           63.80 USD

2022-12-01 * "Kin Soy" "Eating out "
  Liabilities:US:Chase:Slate                       -26.33 USD
  Expenses:Food:Restaurant                          26.33 USD

2022-12-02 * "Goba Goba" "Eating out with Joe"
  Liabilities:US:Chase:Slate                       -14.57 USD
  Expenses:Food:Restaurant                          14.57 USD

2022-12-04 * "Jewel of Morroco" "Eating out with Julie"
  Liabilities:US:Chase:Slate                       -17.79 USD
  Expenses:Food:Restaurant                          17.79 USD

2022-12-07 balance Liabilities:US:Chase:Slate    -2410.59 USD

2022-12-08 * "Jewel of Morroco" "Eating out with work buddies"
  Liabilities:US:Chase:Slate                       -55.99 USD
  Expenses:Food:Restaurant                          55.99 USD

2022-12-08 * "Metro Transport Authority" "Tram tickets"
  Liabilities:US:Chase:Slate                      -120.00 USD
  Expenses:Transport:Tram                          120.00 USD

2022-12-09 * "Kin Soy" "Eating out alone"
  Liabilities:US:Chase:Slate                       -32.90 USD
  Expenses:Food:Restaurant                          32.90 USD

2022-12-09 * "Chase:Slate" "Paying off credit card"
  Liabilities:US:Chase:Slate                       614.15 USD
  Assets:US:BofA:Checking                         -614.15 USD

2022-12-10 * "Kin Soy" "Eating out alone"
  Liabilities:US:Chase:Slate                       -24.23 USD
  Expenses:Food:Restaurant                          24.23 USD

2022-12-12 * "Good Moods Market" "Buying groceries"
  Liabilities:US:Chase:Slate                       -95.48 USD
  Expenses:Food:Groceries                           95.48 USD

2022-12-13 * "Chichipotle" "Eating out after work"
  Liabilities:US:Chase:Slate                       -27.64 USD
  Expenses:Food:Restaurant                          27.64 USD

2022-12-14 * "Cafe Modagor" "Eating out after work"
  Liabilities:US:Chase:Slate                       -31.20 USD
  Expenses:Food:Restaurant                          31.20 USD

2022-12-18 * "Chichipotle" "Eating out with Natasha"
  Liabilities:US:Chase:Slate                       -33.81 USD
  Expenses:Food:Restaurant                          33.81 USD

2022-12-22 * "Cafe Modagor" "Eating out alone"
  Liabilities:US:Chase:Slate                       -51.14 USD
  Expenses:Food:Restaurant                          51.14 USD

2022-12-25 * "Jewel of Morroco" "Eating out after work"
  Liabilities:US:Chase:Slate                       -40.24 USD
  Expenses:Food:Restaurant                          40.24 USD

2022-12-26 * "Onion Market" "Buying groceries"
  Liabilities:US:Chase:Slate                       -87.88 USD
  Expenses:Food:Groceries                           87.88 USD

2022-12-30 * "Chichipotle" "Eating out with Natasha"
  Liabilities:US:Chase:Slate                       -14.93 USD
  Expenses:Food:Restaurant                          14.93 USD

2023-01-03 * "Kin Soy" "Eating out "
  Liabilities:US:Chase:Slate                       -27.81 USD
  Expenses:Food:Restaurant                          27.81 USD

2023-01-04 balance Liabilities:US:Chase:Slate    -2439.69 USD

2023-01-06 * "Rose Flower" "Eating out with work buddies"
  Liabilities:US:Chase:Slate                       -26.98 USD
  Expenses:Food:Restaurant                          26.98 USD

2023-01-08 * "China Garden" "Eating out with work buddies"
  Liabilities:US:Chase:Slate                       -36.00 USD
  Expenses:Food:Restaurant                          36.00 USD

2023-01-09 * "Uncle Boons" "Eating out with Natasha"
  Liabilities:US:Chase:Slate                       -33.21 USD
  Expenses:Food:Restaurant                          33.21 USD

2023-01-09 * "Chase:Slate" "Paying off credit card"
  Liabilities:US:Chase:Slate                       530.55 USD
  Assets:US:BofA:Checking                         -530.55 USD

2023-01-10 * "Jewel of Morroco" "Eating out with Joe"
  Liabilities:US:Chase:Slate                       -43.02 USD
  Expenses:Food:Restaurant                          43.02 USD

2023-01-10 * "Metro Transport Authority" "Tram tickets"
  Liabilities:US:Chase:Slate                      -120.00 USD
  Expenses:Transport:Tram                          120.00 USD

2023-01-12 * "Jewel of Morroco" "Eating out with Bill"
  Liabilities:US:Chase:Slate                       -26.56 USD
  Expenses:Food:Restaurant                          26.56 USD

2023-01-13 * "Corner Deli" "Buying groceries"
  Liabilities:US:Chase:Slate                       -55.21 USD
  Expenses:Food:Groceries                           55.21 USD

2023-01-15 * "China Garden" "Eating out alone"
  Liabilities:US:Chase:Slate                       -28.16 USD
  Expenses:Food:Restaurant                          28.16 USD

2023-01-17 * "Uncle Boons" "Eating out with work buddies"
  Liabilities:US:Chase:Slate                       -38.15 USD
  Expenses:Food:Restaurant                          38.15 USD

2023-01-18 * "Good Moods Market" "Buying groceries"
  Liabilities:US:Chase:Slate                       -77.00 USD
  Expenses:Food:Groceries                           77.00 USD

2023-01-19 * "Kin Soy" "Eating out with Joe"
  Liabilities:US:Chase:Slate                       -61.01 USD
  Expenses:Food:Restaurant                          61.01 USD

2023-01-23 * "Uncle Boons" "Eating out "
  Liabilities:US:Chase:Slate                       -73.55 USD
  Expenses:Food:Restaurant                          73.55 USD

2023-01-25 balance Liabilities:US:Chase:Slate    -2527.99 USD

2023-01-28 * "Goba Goba" "Eating out with Joe"
  Liabilities:US:Chase:Slate                       -66.01 USD
  Expenses:Food:Restaurant                          66.01 USD

2023-02-02 * "Cafe Modagor" "Eating out with Julie"
  Liabilities:US:Chase:Slate                       -43.12 USD
  Expenses:Food:Restaurant                          43.12 USD

2023-02-05 * "Farmer Fresh" "Buying groceries"
  Liabilities:US:Chase:Slate                       -59.61 USD
  Expenses:Food:Groceries                           59.61 USD

2023-02-06 * "Uncle Boons" "Eating out with Bill"
  Liabilities:US:Chase:Slate                       -21.11 USD
  Expenses:Food:Restaurant                          21.11 USD

2023-02-06 * "Metro Transport Authority" "Tram tickets"
  Liabilities:US:Chase:Slate                      -120.00 USD
  Expenses:Transport:Tram                          120.00 USD

2023-02-11 * "Cafe Modagor" "Eating out with Natasha"
  Liabilities:US:Chase:Slate                       -22.22 USD
  Expenses:Food:Restaurant                          22.22 USD

2023-02-11 * "Farmer Fresh" "Buying groceries"
  Liabilities:US:Chase:Slate                       -90.02 USD
  Expenses:Food:Groceries                           90.02 USD

2023-02-11 * "Chase:Slate" "Paying off credit card"
  Liabilities:US:Chase:Slate                       854.73 USD
  Assets:US:BofA:Checking                         -854.73 USD

2023-02-14 * "Uncle Boons" "Eating out with Bill"
  Liabilities:US:Chase:Slate                       -65.54 USD
  Expenses:Food:Restaurant                          65.54 USD

2023-02-16 * "China Garden" "Eating out "
  Liabilities:US:Chase:Slate                       -23.16 USD
  Expenses:Food:Restaurant                          23.16 USD

2023-02-19 * "China Garden" "Eating out with Natasha"
  Liabilities:US:Chase:Slate                       -21.56 USD
  Expenses:Food:Restaurant                          21.56 USD

2023-02-21 balance Liabilities:US:Chase:Slate    -2205.61 USD

2023-02-23 * "Chichipotle" "Eating out with Joe"
  Liabilities:US:Chase:Slate                       -18.56 USD
  Expenses:Food:Restaurant                          18.56 USD

2023-02-24 * "Rose Flower" "Eating out with Julie"
  Liabilities:US:Chase:Slate                       -56.64 USD
  Expenses:Food:Restaurant                          56.64 USD

2023-02-26 * "Farmer Fresh" "Buying groceries"
  Liabilities:US:Chase:Slate                       -76.16 USD
  Expenses:Food:Groceries                           76.16 USD

2023-02-28 * "Rose Flower" "Eating out after work"
  Liabilities:US:Chase:Slate                       -22.51 USD
  Expenses:Food:Restaurant                          22.51 USD

2023-03-04 * "Jewel of Morroco" "Eating out with Natasha"
  Liabilities:US:Chase:Slate                       -36.93 USD
  Expenses:Food:Restaurant                          36.93 USD

2023-03-08 * "Uncle Boons" "Eating out with Joe"
  Liabilities:US:Chase:Slate                       -24.56 USD
  Expenses:Food:Restaurant                          24.56 USD

2023-03-09 * "Goba Goba" "Eating out alone"
  Liabilities:US:Chase:Slate                       -17.46 USD
  Expenses:Food:Restaurant                          17.46 USD

2023-03-09 * "Chase:Slate" "Paying off credit card"
  Liabilities:US:Chase:Slate                       453.10 USD
  Assets:US:BofA:Checking                         -453.10 USD

2023-03-10 * "Metro Transport Authority" "Tram tickets"
  Liabilities:US:Chase:Slate                      -120.00 USD
  Expenses:Transport:Tram                          120.00 USD

2023-03-13 * "Farmer Fresh" "Buying groceries"
  Liabilities:US:Chase:Slate                       -79.80 USD
  Expenses:Food:Groceries                           79.80 USD

2023-03-14 * "Cafe Modagor" "Eating out with Bill"
  Liabilities:US:Chase:Slate                       -16.27 USD
  Expenses:Food:Restaurant                          16.27 USD

2023-03-17 balance Liabilities:US:Chase:Slate    -2221.40 USD

2023-03-17 * "Goba Goba" "Eating out with Natasha"
  Liabilities:US:Chase:Slate                       -59.89 USD
  Expenses:Food:Restaurant                          59.89 USD

2023-03-22 * "Jewel of Morroco" "Eating out alone"
  Liabilities:US:Chase:Slate                       -35.18 USD
  Expenses:Food:Restaurant                          35.18 USD

2023-03-24 * "Uncle Boons" "Eating out with Julie"
  Liabilities:US:Chase:Slate                       -20.48 USD
  Expenses:Food:Restaurant                          20.48 USD

2023-03-29 * "China Garden" "Eating out with Julie"
  Liabilities:US:Chase:Slate                       -12.16 USD
  Expenses:Food:Restaurant                          12.16 USD

2023-04-02 * "Corner Deli" "Buying groceries"
  Liabilities:US:Chase:Slate                       -65.52 USD
  Expenses:Food:Groceries                           65.52 USD

2023-04-03 * "China Garden" "Eating out with work buddies"
  Liabilities:US:Chase:Slate                       -26.02 USD
  Expenses:Food:Restaurant                          26.02 USD

2023-04-04 * "Cafe Modagor" "Eating out with Joe"
  Liabilities:US:Chase:Slate                       -45.63 USD
  Expenses:Food:Restaurant                          45.63 USD

2023-04-06 * "Metro Transport Authority" "Tram tickets"
  Liabilities:US:Chase:Slate                      -120.00 USD
  Expenses:Transport:Tram                          120.00 USD

2023-04-07 * "Chichipotle" "Eating out with Julie"
  Liabilities:US:Chase:Slate                       -35.89 USD
  Expenses:Food:Restaurant                          35.89 USD

2023-04-09 * "Good Moods Market" "Buying groceries"
  Liabilities:US:Chase:Slate                      -104.88 USD
  Expenses:Food:Groceries                          104.88 USD

2023-04-10 * "Chase:Slate" "Paying off credit card"
  Liabilities:US:Chase:Slate                       770.40 USD
  Assets:US:BofA:Checking                         -770.40 USD

2023-04-11 event "location" "New York"

2023-04-12 balance Liabilities:US:Chase:Slate    -1976.65 USD

2023-04-12 * "Cafe Select" "" #trip-new-york-2023
  Liabilities:US:Chase:Slate                       -29.51 USD
  Expenses:Food:Restaurant                          29.51 USD

2023-04-12 * "Takahachi" "" #trip-new-york-2023
  Liabilities:US:Chase:Slate                       -41.13 USD
  Expenses:Food:Restaurant                          41.13 USD

2023-04-12 * "La Colombe" "" #trip-new-york-2023
  Liabilities:US:Chase:Slate                        -7.16 USD
  Expenses:Food:Coffee                               7.16 USD

2023-04-12 * "Gimme! Coffee" "" #trip-new-york-2023
  Liabilities:US:Chase:Slate                        -6.14 USD
  Expenses:Food:Coffee                               6.14 USD

2023-04-13 * "Uncle Boons" "" #trip-new-york-2023
  Liabilities:US:Chase:Slate                       -38.32 USD
  Expenses:Food:Restaurant                          38.32 USD

2023-04-14 * "Cafe Select" "" #trip-new-york-2023
  Liabilities:US:Chase:Slate                       -33.55 USD
  Expenses:Food:Restaurant                          33.55 USD

2023-04-14 * "La Colombe" "" #trip-new-york-2023
  Liabilities:US:Chase:Slate                        -5.58 USD
  Expenses:Food:Coffee                               5.58 USD

2023-04-14 * "Gimme! Coffee" "" #trip-new-york-2023
  Liabilities:US:Chase:Slate                        -9.80 USD
  Expenses:Food:Coffee                               9.80 USD

2023-04-15 * "Uncle Boons" "" #trip-new-york-2023
  Liabilities:US:Chase:Slate                       -34.18 USD
  Expenses:Food:Restaurant                          34.18 USD

2023-04-15 * "Laut" "" #trip-new-york-2023
  Liabilities:US:Chase:Slate                       -36.64 USD
  Expenses:Food:Restaurant                          36.64 USD

2023-04-16 * "Cafe Select" "" #trip-new-york-2023
  Liabilities:US:Chase:Slate                       -27.39 USD
  Expenses:Food:Restaurant                          27.39 USD

2023-04-17 * "Gimme! Coffee" "" #trip-new-york-2023
  Liabilities:US:Chase:Slate                        -6.30 USD
  Expenses:Food:Coffee                               6.30 USD

2023-04-19 * "Uncle Boons" "" #trip-new-york-2023
  Liabilities:US:Chase:Slate                       -36.27 USD
  Expenses:Food:Restaurant                          36.27 USD

2023-04-19 * "Cafe Select" "" #trip-new-york-2023
  Liabilities:US:Chase:Slate                       -27.35 USD
  Expenses:Food:Restaurant                          27.35 USD

2023-04-19 * "Takahachi" "" #trip-new-york-2023
  Liabilities:US:Chase:Slate                       -51.17 USD
  Expenses:Food:Restaurant                          51.17 USD

2023-04-20 * "Laut" "" #trip-new-york-2023
  Liabilities:US:Chase:Slate                       -32.28 USD
  Expenses:Food:Restaurant                          32.28 USD

2023-04-20 * "Gimme! Coffee" "" #trip-new-york-2023
  Liabilities:US:Chase:Slate                        -5.51 USD
  Expenses:Food:Coffee                               5.51 USD

2023-04-21 * "Takahachi" "" #trip-new-york-2023
  Liabilities:US:Chase:Slate                       -58.68 USD
  Expenses:Food:Restaurant                          58.68 USD

2023-04-21 * "Gimme! Coffee" "" #trip-new-york-2023
  Liabilities:US:Chase:Slate                        -5.20 USD
  Expenses:Food:Coffee                               5.20 USD

2023-04-22 * "Takahachi" "" #trip-new-york-2023
  Liabilities:US:Chase:Slate                       -56.01 USD
  Expenses:Food:Restaurant                          56.01 USD

2023-04-22 * "Laut" "" #trip-new-york-2023
  Liabilities:US:Chase:Slate                       -32.23 USD
  Expenses:Food:Restaurant                          32.23 USD

2023-04-23 * "Uncle Boons" "" #trip-new-york-2023
  Liabilities:US:Chase:Slate                       -49.03 USD
  Expenses:Food:Restaurant                          49.03 USD

2023-04-23 * "Takahachi" "" #trip-new-york-2023
  Liabilities:US:Chase:Slate                       -48.60 USD
  Expenses:Food:Restaurant                          48.60 USD

2023-04-23 * "Gimme! Coffee" "" #trip-new-york-2023
  Liabilities:US:Chase:Slate                        -6.10 USD
  Expenses:Food:Coffee                               6.10 USD

2023-04-24 * "Cafe Select" "" #trip-new-york-2023
  Liabilities:US:Chase:Slate                       -30.01 USD
  Expenses:Food:Restaurant                          30.01 USD

2023-04-24 * "Takahachi" "" #trip-new-york-2023
  Liabilities:US:Chase:Slate                       -51.23 USD
  Expenses:Food:Restaurant                          51.23 USD

2023-04-25 * "Uncle Boons" "" #trip-new-york-2023
  Liabilities:US:Chase:Slate                       -36.21 USD
  Expenses:Food:Restaurant                          36.21 USD

2023-04-25 * "Takahachi" "" #trip-new-york-2023
  Liabilities:US:Chase:Slate                       -51.32 USD
  Expenses:Food:Restaurant                          51.32 USD

2023-04-26 * "Cafe Select" "" #trip-new-york-2023
  Liabilities:US:Chase:Slate                       -23.06 USD
  Expenses:Food:Restaurant                          23.06 USD

2023-04-27 * "Uncle Boons" "" #trip-new-york-2023
  Liabilities:US:Chase:Slate                       -44.81 USD
  Expenses:Food:Restaurant                          44.81 USD

2023-04-27 * "Gimme! Coffee" "" #trip-new-york-2023
  Liabilities:US:Chase:Slate                        -7.44 USD
  Expenses:Food:Coffee                               7.44 USD

2023-04-28 * "Uncle Boons" "" #trip-new-york-2023
  Liabilities:US:Chase:Slate                       -41.12 USD
  Expenses:Food:Restaurant                          41.12 USD

2023-04-28 * "Cafe Select" "" #trip-new-york-2023
  Liabilities:US:Chase:Slate                       -28.20 USD
  Expenses:Food:Restaurant                          28.20 USD

2023-04-28 * "Laut" "" #trip-new-york-2023
  Liabilities:US:Chase:Slate                       -31.23 USD
  Expenses:Food:Restaurant                          31.23 USD

2023-04-28 * "Gimme! Coffee" "" #trip-new-york-2023
  Liabilities:US:Chase:Slate                        -5.01 USD
  Expenses:Food:Coffee                               5.01 USD

2023-04-29 * "Laut" "" #trip-new-york-2023
  Liabilities:US:Chase:Slate                       -35.73 USD
  Expenses:Food:Restaurant                          35.73 USD

2023-04-30 * "Gimme! Coffee" "" #trip-new-york-2023
  Liabilities:US:Chase:Slate                        -6.93 USD
  Expenses:Food:Coffee                               6.93 USD

2023-05-01 * "Gimme! Coffee" "" #trip-new-york-2023
  Liabilities:US:Chase:Slate                        -5.22 USD
  Expenses:Food:Coffee                               5.22 USD

2023-05-02 * "Goba Goba" "Eating out "
  Liabilities:US:Chase:Slate                       -28.68 USD
  Expenses:Food:Restaurant                          28.68 USD

2023-05-02 * "La Colombe" "" #trip-new-york-2023
  Liabilities:US:Chase:Slate                        -5.66 USD
  Expenses:Food:Coffee                               5.66 USD

2023-05-02 * "Consume vacation days"
  Assets:US:Babble:Vacation                          -168 VACHR
  Expenses:Vacation                                   168 VACHR

2023-05-02 event "location" "New Metropolis"

2023-05-04 balance Liabilities:US:Chase:Slate    -3092.64 USD

2023-05-04 * "Rose Flower" "Eating out with work buddies"
  Liabilities:US:Chase:Slate                       -32.21 USD
  Expenses:Food:Restaurant                          32.21 USD

2023-05-05 * "Uncle Boons" "Eating out with Natasha"
  Liabilities:US:Chase:Slate                       -24.26 USD
  Expenses:Food:Restaurant                          24.26 USD

2023-05-08 * "Metro Transport Authority" "Tram tickets"
  Liabilities:US:Chase:Slate                      -120.00 USD
  Expenses:Transport:Tram                          120.00 USD

2023-05-09 * "China Garden" "Eating out alone"
  Liabilities:US:Chase:Slate                       -37.74 USD
  Expenses:Food:Restaurant                          37.74 USD

2023-05-09 * "Chase:Slate" "Paying off credit card"
  Liabilities:US:Chase:Slate                       214.21 USD
  Assets:US:BofA:Checking                         -214.21 USD

2023-05-12 * "Cafe Modagor" "Eating out "
  Liabilities:US:Chase:Slate                       -10.58 USD
  Expenses:Food:Restaurant                          10.58 USD

2023-05-14 * "Chichipotle" "Eating out with Joe"
  Liabilities:US:Chase:Slate                       -35.94 USD
  Expenses:Food:Restaurant                          35.94 USD

2023-05-18 * "Goba Goba" "Eating out "
  Liabilities:US:Chase:Slate                       -45.72 USD
  Expenses:Food:Restaurant                          45.72 USD

2023-05-18 * "Good Moods Market" "Buying groceries"
  Liabilities:US:Chase:Slate                       -60.59 USD
  Expenses:Food:Groceries                           60.59 USD

2023-05-22 * "Kin Soy" "Eating out after work"
  Liabilities:US:Chase:Slate                       -41.68 USD
  Expenses:Food:Restaurant                          41.68 USD

2023-05-24 * "Good Moods Market" "Buying groceries"
  Liabilities:US:Chase:Slate                       -48.08 USD
  Expenses:Food:Groceries                           48.08 USD

2023-05-26 * "Kin Soy" "Eating out with Bill"
  Liabilities:US:Chase:Slate                       -26.06 USD
  Expenses:Food:Restaurant                          26.06 USD

2023-05-28 balance Liabilities:US:Chase:Slate    -3361.29 USD

2023-05-29 * "Onion Market" "Buying groceries"
  Liabilities:US:Chase:Slate                      -110.48 USD
  Expenses:Food:Groceries                          110.48 USD

2023-05-30 * "China Garden" "Eating out alone"
  Liabilities:US:Chase:Slate                       -26.89 USD
  Expenses:Food:Restaurant                          26.89 USD

2023-06-01 * "Kin Soy" "Eating out with work buddies"
  Liabilities:US:Chase:Slate                       -24.51 USD
  Expenses:Food:Restaurant                          24.51 USD

2023-06-06 * "Rose Flower" "Eating out after work"
  Liabilities:US:Chase:Slate                       -19.75 USD
  Expenses:Food:Restaurant                          19.75 USD

2023-06-07 * "Metro Transport Authority" "Tram tickets"
  Liabilities:US:Chase:Slate                      -120.00 USD
  Expenses:Transport:Tram                          120.00 USD

2023-06-08 * "Chase:Slate" "Paying off credit card"
  Liabilities:US:Chase:Slate                       591.25 USD
  Assets:US:BofA:Checking                         -591.25 USD

2023-06-10 * "Cafe Modagor" "Eating out with Bill"
  Liabilities:US:Chase:Slate                       -20.97 USD
  Expenses:Food:Restaurant                          20.97 USD

2023-06-11 * "Corner Deli" "Buying groceries"
  Liabilities:US:Chase:Slate                      -101.29 USD
  Expenses:Food:Groceries                          101.29 USD

2023-06-12 * "Cafe Modagor" "Eating out with Joe"
  Liabilities:US:Chase:Slate                       -29.44 USD
  Expenses:Food:Restaurant                          29.44 USD

2023-06-14 * "China Garden" "Eating out with Natasha"
  Liabilities:US:Chase:Slate                       -28.02 USD
  Expenses:Food:Restaurant                          28.02 USD

2023-06-17 * "Farmer Fresh" "Buying groceries"
  Liabilities:US:Chase:Slate                       -61.32 USD
  Expenses:Food:Groceries                           61.32 USD

2023-06-19 * "Kin Soy" "Eating out with Julie"
  Liabilities:US:Chase:Slate                       -25.45 USD
  Expenses:Food:Restaurant                          25.45 USD

2023-06-20 balance Liabilities:US:Chase:Slate    -3338.16 USD

2023-06-20 * "China Garden" "Eating out alone"
  Liabilities:US:Chase:Slate                       -24.18 USD
  Expenses:Food:Restaurant                          24.18 USD

2023-06-25 * "Cafe Modagor" "Eating out with Bill"
  Liabilities:US:Chase:Slate                       -13.61 USD
  Expenses:Food:Restaurant                          13.61 USD

2023-06-25 * "Corner Deli" "Buying groceries"
  Liabilities:US:Chase:Slate                      -102.36 USD
  Expenses:Food:Groceries                          102.36 USD

2023-06-29 * "Rose Flower" "Eating out with Bill"
  Liabilities:US:Chase:Slate                       -36.68 USD
  Expenses:Food:Restaurant                          36.68 USD

2023-07-02 * "Kin Soy" "Eating out after work"
  Liabilities:US:Chase:Slate                       -33.13 USD
  Expenses:Food:Restaurant                          33.13 USD

2023-07-05 * "Chichipotle" "Eating out after work"
  Liabilities:US:Chase:Slate                       -33.89 USD
  Expenses:Food:Restaurant                          33.89 USD

2023-07-08 * "Jewel of Morroco" "Eating out with Julie"
  Liabilities:US:Chase:Slate                       -37.58 USD
  Expenses:Food:Restaurant                          37.58 USD

2023-07-09 * "Goba Goba" "Eating out after work"
  Liabilities:US:Chase:Slate                       -22.08 USD
  Expenses:Food:Restaurant                          22.08 USD

2023-07-09 * "Metro Transport Authority" "Tram tickets"
  Liabilities:US:Chase:Slate                      -120.00 USD
  Expenses:Transport:Tram                          120.00 USD

2023-07-10 * "Chase:Slate" "Paying off credit card"
  Liabilities:US:Chase:Slate                       730.69 USD
  Assets:US:BofA:Checking                         -730.69 USD

2023-07-11 * "Farmer Fresh" "Buying groceries"
  Liabilities:US:Chase:Slate                       -61.66 USD
  Expenses:Food:Groceries                           61.66 USD

2023-07-12 balance Liabilities:US:Chase:Slate    -3092.64 USD

2023-07-13 * "Kin Soy" "Eating out with work buddies"
  Liabilities:US:Chase:Slate                       -22.80 USD
  Expenses:Food:Restaurant                          22.80 USD

2023-07-17 * "Kin Soy" "Eating out with Joe"
  Liabilities:US:Chase:Slate                       -21.08 USD
  Expenses:Food:Restaurant                          21.08 USD

2023-07-18 * "Goba Goba" "Eating out after work"
  Liabilities:US:Chase:Slate                       -22.36 USD
  Expenses:Food:Restaurant                          22.36 USD

2023-07-20 * "Jewel of Morroco" "Eating out after work"
  Liabilities:US:Chase:Slate                       -52.47 USD
  Expenses:Food:Restaurant                          52.47 USD

2023-07-23 * "Cafe Modagor" "Eating out "
  Liabilities:US:Chase:Slate                       -61.76 USD
  Expenses:Food:Restaurant                          61.76 USD

2023-07-25 * "China Garden" "Eating out with Bill"
  Liabilities:US:Chase:Slate                       -17.42 USD
  Expenses:Food:Restaurant                          17.42 USD

2023-07-25 * "Good Moods Market" "Buying groceries"
  Liabilities:US:Chase:Slate                       -84.29 USD
  Expenses:Food:Groceries                           84.29 USD

2023-07-30 * "Chichipotle" "Eating out with Bill"
  Liabilities:US:Chase:Slate                       -32.69 USD
  Expenses:Food:Restaurant                          32.69 USD

2023-08-03 * "Jewel of Morroco" "Eating out with Bill"
  Liabilities:US:Chase:Slate                       -22.95 USD
  Expenses:Food:Restaurant                          22.95 USD

2023-08-06 * "Onion Market" "Buying groceries"
  Liabilities:US:Chase:Slate                       -75.52 USD
  Expenses:Food:Groceries                           75.52 USD

2023-08-07 balance Liabilities:US:Chase:Slate    -3505.98 USD

2023-08-08 * "Rose Flower" "Eating out with Julie"
  Liabilities:US:Chase:Slate                       -29.65 USD
  Expenses:Food:Restaurant                          29.65 USD

2023-08-10 * "Metro Transport Authority" "Tram tickets"
  Liabilities:US:Chase:Slate                      -120.00 USD
  Expenses:Transport:Tram                          120.00 USD

2023-08-10 * "Chase:Slate" "Paying off credit card"
  Liabilities:US:Chase:Slate                       562.99 USD
  Assets:US:BofA:Checking                         -562.99 USD

2023-08-13 * "Uncle Boons" "Eating out with Joe"
  Liabilities:US:Chase:Slate                       -13.17 USD
  Expenses:Food:Restaurant                          13.17 USD

2023-08-16 * "China Garden" "Eating out with Bill"
  Liabilities:US:Chase:Slate                       -62.82 USD
  Expenses:Food:Restaurant                          62.82 USD

2023-08-18 * "Jewel of Morroco" "Eating out with Joe"
  Liabilities:US:Chase:Slate                       -22.98 USD
  Expenses:Food:Restaurant                          22.98 USD

2023-08-19 * "Good Moods Market" "Buying groceries"
  Liabilities:US:Chase:Slate                       -73.50 USD
  Expenses:Food:Groceries                           73.50 USD

2023-08-20 * "Chichipotle" "Eating out with work buddies"
  Liabilities:US:Chase:Slate                       -30.37 USD
  Expenses:Food:Restaurant                          30.37 USD

2023-08-23 * "Kin Soy" "Eating out with Bill"
  Liabilities:US:Chase:Slate                       -31.77 USD
  Expenses:Food:Restaurant                          31.77 USD

2023-08-26 * "Kin Soy" "Eating out after work"
  Liabilities:US:Chase:Slate                       -34.16 USD
  Expenses:Food:Restaurant                          34.16 USD

2023-08-29 * "Cafe Modagor" "Eating out with Bill"
  Liabilities:US:Chase:Slate                       -39.23 USD
  Expenses:Food:Restaurant                          39.23 USD

2023-09-01 * "Onion Market" "Buying groceries"
  Liabilities:US:Chase:Slate                       -60.39 USD
  Expenses:Food:Groceries                           60.39 USD

2023-09-02 balance Liabilities:US:Chase:Slate    -3461.03 USD

2023-09-03 * "Jewel of Morroco" "Eating out with Natasha"
  Liabilities:US:Chase:Slate                       -28.69 USD
  Expenses:Food:Restaurant                          28.69 USD

2023-09-07 * "Metro Transport Authority" "Tram tickets"
  Liabilities:US:Chase:Slate                      -120.00 USD
  Expenses:Transport:Tram                          120.00 USD

2023-09-08 * "China Garden" "Eating out with Julie"
  Liabilities:US:Chase:Slate                       -20.78 USD
  Expenses:Food:Restaurant                          20.78 USD

2023-09-10 * "Chichipotle" "Eating out with work buddies"
  Liabilities:US:Chase:Slate                       -31.78 USD
  Expenses:Food:Restaurant                          31.78 USD

2023-09-14 * "Kin Soy" "Eating out with Natasha"
  Liabilities:US:Chase:Slate                       -40.40 USD
  Expenses:Food:Restaurant                          40.40 USD

2023-09-14 * "Corner Deli" "Buying groceries"
  Liabilities:US:Chase:Slate                       -81.17 USD
  Expenses:Food:Groceries                           81.17 USD



* Taxable Investments

2021-01-01 open Assets:US:ETrade:Cash                       USD
2021-01-01 open Assets:US:ETrade:ITOT                       ITOT
2021-01-01 open Assets:US:ETrade:VEA                       VEA
2021-01-01 open Assets:US:ETrade:VHT                       VHT
2021-01-01 open Assets:US:ETrade:GLD                       GLD
2021-01-01 open Income:US:ETrade:PnL                        USD
2021-01-01 open Income:US:ETrade:ITOT:Dividend              USD
2021-01-01 open Income:US:ETrade:VEA:Dividend              USD
2021-01-01 open Income:US:ETrade:VHT:Dividend              USD
2021-01-01 open Income:US:ETrade:GLD:Dividend              USD

2021-09-18 * "Buy shares of GLD"
  Assets:US:ETrade:Cash                          -1202.70 USD
  Assets:US:ETrade:GLD                                  5 GLD {238.75 USD, 2021-09-18}
  Expenses:Financial:Commissions                     8.95 USD

2021-09-18 * "Buy shares of VEA"
  Assets:US:ETrade:Cash                          -1337.95 USD
  Assets:US:ETrade:VEA                                 10 VEA {132.90 USD, 2021-09-18}
  Expenses:Financial:Commissions                     8.95 USD

2021-09-18 * "Buy shares of ITOT"
  Assets:US:ETrade:Cash                          -1365.35 USD
  Assets:US:ETrade:ITOT                                10 ITOT {135.64 USD, 2021-09-18}
  Expenses:Financial:Commissions                     8.95 USD

2021-09-18 * "Dividends on portfolio"
  Assets:US:ETrade:Cash                             15.52 USD
  Income:US:ETrade:VEA:Dividend                    -15.52 USD

2021-11-21 * "Buy shares of VHT"
  Assets:US:ETrade:Cash                           -977.71 USD
  Assets:US:ETrade:VHT                                 27 VHT {35.88 USD, 2021-11-21}
  Expenses:Financial:Commissions                     8.95 USD

2021-11-21 * "Buy shares of VEA"
  Assets:US:ETrade:Cash                           -954.16 USD
  Assets:US:ETrade:VEA                                  7 VEA {135.03 USD, 2021-11-21}
  Expenses:Financial:Commissions                     8.95 USD

2021-11-21 * "Buy shares of ITOT"
  Assets:US:ETrade:Cash                           -968.79 USD
  Assets:US:ETrade:ITOT                                 7 ITOT {137.12 USD, 2021-11-21}
  Expenses:Financial:Commissions                     8.95 USD

2021-11-21 * "Buy shares of GLD"
  Assets:US:ETrade:Cash                           -781.06 USD
  Assets:US:ETrade:GLD                                  3 GLD {257.37 USD, 2021-11-21}
  Expenses:Financial:Commissions                     8.95 USD

2021-12-17 * "Dividends on portfolio"
  Assets:US:ETrade:Cash                             30.10 USD
  Income:US:ETrade:VHT:Dividend                    -30.10 USD

2022-03-18 * "Dividends on portfolio"
  Assets:US:ETrade:Cash                             30.10 USD
  Income:US:ETrade:VEA:Dividend                    -30.10 USD

2022-04-30 * "Sell shares of VEA"
  Assets:US:ETrade:VEA                                -10 VEA {132.90 USD, 2021-09-18} @ 120.83 USD
  Assets:US:ETrade:Cash                           1199.35 USD
  Expenses:Financial:Commissions                     8.95 USD
  Income:US:ETrade:PnL                             120.70 USD

2022-05-02 * "Buy shares of VHT"
  Assets:US:ETrade:Cash                           -783.43 USD
  Assets:US:ETrade:VHT                                 21 VHT {36.88 USD, 2022-05-02}
  Expenses:Financial:Commissions                     8.95 USD

2022-05-02 * "Buy shares of ITOT"
  Assets:US:ETrade:Cash                           -705.05 USD
  Assets:US:ETrade:ITOT                                 5 ITOT {139.22 USD, 2022-05-02}
  Expenses:Financial:Commissions                     8.95 USD

2022-06-18 * "Dividends on portfolio"
  Assets:US:ETrade:Cash                             35.98 USD
  Income:US:ETrade:VEA:Dividend                    -35.98 USD

2022-09-18 * "Dividends on portfolio"
  Assets:US:ETrade:Cash                             35.98 USD
  Income:US:ETrade:GLD:Dividend                    -35.98 USD

2022-09-21 * "Sell shares of VEA"
  Assets:US:ETrade:VEA                                 -7 VEA {135.03 USD, 2021-11-21} @ 118.65 USD
  Assets:US:ETrade:Cash                            821.60 USD
  Expenses:Financial:Commissions                     8.95 USD
  Income:US:ETrade:PnL                             114.66 USD

2022-10-05 * "Sell shares of GLD"
  Assets:US:ETrade:GLD                                 -5 GLD {238.75 USD, 2021-09-18} @ 297.71 USD
  Assets:US:ETrade:Cash                           1479.60 USD
  Expenses:Financial:Commissions                     8.95 USD
  Income:US:ETrade:PnL                            -294.80 USD

2022-10-09 * "Buy shares of VHT"
  Assets:US:ETrade:Cash                          -6382.90 USD
  Assets:US:ETrade:VHT                                165 VHT {38.63 USD, 2022-10-09}
  Expenses:Financial:Commissions                     8.95 USD

2022-10-26 * "Sell shares of VHT"
  Assets:US:ETrade:VHT                               -165 VHT {38.63 USD, 2022-10-09} @ 38.51 USD
  Assets:US:ETrade:Cash                           6345.20 USD
  Expenses:Financial:Commissions                     8.95 USD
  Income:US:ETrade:PnL                              19.80 USD

2022-11-01 * "Buy shares of ITOT"
  Assets:US:ETrade:Cash                          -2483.05 USD
  Assets:US:ETrade:ITOT                                18 ITOT {137.45 USD, 2022-11-01}
  Expenses:Financial:Commissions                     8.95 USD

2022-11-01 * "Buy shares of GLD"
  Assets:US:ETrade:Cash                          -2355.35 USD
  Assets:US:ETrade:GLD                                  8 GLD {293.30 USD, 2022-11-01}
  Expenses:Financial:Commissions                     8.95 USD

2022-11-01 * "Buy shares of VHT"
  Assets:US:ETrade:Cash                          -2478.07 USD
  Assets:US:ETrade:VHT                                 64 VHT {38.58 USD, 2022-11-01}
  Expenses:Financial:Commissions                     8.95 USD

2022-11-01 * "Buy shares of VEA"
  Assets:US:ETrade:Cash                          -2466.37 USD
  Assets:US:ETrade:VEA                                 21 VEA {117.02 USD, 2022-11-01}
  Expenses:Financial:Commissions                     8.95 USD

2022-11-08 * "Sell shares of GLD"
  Assets:US:ETrade:GLD                                 -3 GLD {257.37 USD, 2021-11-21} @ 289.52 USD
  Assets:US:ETrade:Cash                            859.61 USD
  Expenses:Financial:Commissions                     8.95 USD
  Income:US:ETrade:PnL                             -96.45 USD

2022-11-23 * "Buy shares of GLD"
  Assets:US:ETrade:Cash                           -300.16 USD
  Assets:US:ETrade:GLD                                  1 GLD {291.21 USD, 2022-11-23}
  Expenses:Financial:Commissions                     8.95 USD

2022-11-23 * "Buy shares of VHT"
  Assets:US:ETrade:Cash                           -293.78 USD
  Assets:US:ETrade:VHT                                  7 VHT {40.69 USD, 2022-11-23}
  Expenses:Financial:Commissions                     8.95 USD

2022-11-23 * "Buy shares of ITOT"
  Assets:US:ETrade:Cash                           -285.27 USD
  Assets:US:ETrade:ITOT                                 2 ITOT {138.16 USD, 2022-11-23}
  Expenses:Financial:Commissions                     8.95 USD

2022-11-23 * "Buy shares of VEA"
  Assets:US:ETrade:Cash                           -250.85 USD
  Assets:US:ETrade:VEA                                  2 VEA {120.95 USD, 2022-11-23}
  Expenses:Financial:Commissions                     8.95 USD

2022-12-12 * "Sell shares of VEA"
  Assets:US:ETrade:VEA                                -21 VEA {117.02 USD, 2022-11-01} @ 127.33 USD
  Assets:US:ETrade:Cash                           2664.98 USD
  Expenses:Financial:Commissions                     8.95 USD
  Income:US:ETrade:PnL                            -216.51 USD

2022-12-17 * "Dividends on portfolio"
  Assets:US:ETrade:Cash                            104.84 USD
  Income:US:ETrade:ITOT:Dividend                  -104.84 USD

2022-12-21 * "Buy shares of ITOT"
  Assets:US:ETrade:Cash                           -844.63 USD
  Assets:US:ETrade:ITOT                                 6 ITOT {139.28 USD, 2022-12-21}
  Expenses:Financial:Commissions                     8.95 USD

2022-12-21 * "Buy shares of GLD"
  Assets:US:ETrade:Cash                           -896.80 USD
  Assets:US:ETrade:GLD                                  3 GLD {295.95 USD, 2022-12-21}
  Expenses:Financial:Commissions                     8.95 USD

2022-12-21 * "Buy shares of VHT"
  Assets:US:ETrade:Cash                           -892.21 USD
  Assets:US:ETrade:VHT                                 21 VHT {42.06 USD, 2022-12-21}
  Expenses:Financial:Commissions                     8.95 USD

2023-03-18 * "Dividends on portfolio"
  Assets:US:ETrade:Cash                            115.27 USD
  Income:US:ETrade:ITOT:Dividend                  -115.27 USD

2023-05-24 * "Sell shares of VHT"
  Assets:US:ETrade:VHT                                -21 VHT {42.06 USD, 2022-12-21} @ 39.39 USD
  Assets:US:ETrade:Cash                            818.24 USD
  Expenses:Financial:Commissions                     8.95 USD
  Income:US:ETrade:PnL                              56.07 USD

2023-05-27 * "Buy shares of VHT"
  Assets:US:ETrade:Cash                           -287.69 USD
  Assets:US:ETrade:VHT                                  7 VHT {39.82 USD, 2023-05-27}
  Expenses:Financial:Commissions                     8.95 USD

2023-05-27 * "Buy shares of VEA"
  Assets:US:ETrade:Cash                           -299.97 USD
  Assets:US:ETrade:VEA                                  2 VEA {145.51 USD, 2023-05-27}
  Expenses:Financial:Commissions                     8.95 USD

2023-05-27 * "Buy shares of ITOT"
  Assets:US:ETrade:Cash                           -286.67 USD
  Assets:US:ETrade:ITOT                                 2 ITOT {138.86 USD, 2023-05-27}
  Expenses:Financial:Commissions                     8.95 USD

2023-06-18 * "Dividends on portfolio"
  Assets:US:ETrade:Cash                            118.66 USD
  Income:US:ETrade:GLD:Dividend                   -118.66 USD

2023-08-17 * "Sell shares of VHT"
  Assets:US:ETrade:VHT                                -64 VHT {38.58 USD, 2022-11-01} @ 38.17 USD
  Assets:US:ETrade:Cash                           2433.93 USD
  Expenses:Financial:Commissions                     8.95 USD
  Income:US:ETrade:PnL                              26.24 USD

2023-09-16 * "Sell shares of ITOT"
  Assets:US:ETrade:ITOT                                -6 ITOT {139.28 USD, 2022-12-21} @ 137.34 USD
  Assets:US:ETrade:Cash                            815.09 USD
  Expenses:Financial:Commissions                     8.95 USD
  Income:US:ETrade:PnL                              11.64 USD



* Vanguard Investments

2021-01-01 open Assets:US:Vanguard:VBMPX                     VBMPX
  number: "882882"
2021-01-01 open Assets:US:Vanguard:RGAGX                     RGAGX
  number: "882882"
2021-01-01 open Assets:US:Vanguard                            USD
  address: "P.O. Box 1110, Valley Forge, PA 19482-1110"
  institution: "Vanguard Group"
  phone: "+1.800.523.1188"
2021-01-01 open Income:US:Babble:Match401k                   USD
2021-01-01 open Assets:US:Vanguard:Cash                       USD
  number: "882882"

2021-01-08 * "Employer match for contribution"
  Assets:US:Vanguard:Cash                          600.00 USD
  Income:US:Babble:Match401k                      -600.00 USD

2021-01-11 * "Investing 40% of cash in VBMPX"
  Assets:US:Vanguard:VBMPX                          3.328 VBMPX {144.21 USD, 2021-01-11}
  Assets:US:Vanguard:Cash                         -479.93 USD

2021-01-11 * "Investing 60% of cash in RGAGX"
  Assets:US:Vanguard:RGAGX                         16.334 RGAGX {44.08 USD, 2021-01-11}
  Assets:US:Vanguard:Cash                         -720.00 USD

2021-01-11 * "Investing 40% of cash in VBMPX"
  Assets:US:Vanguard:VBMPX                          1.664 VBMPX {144.21 USD, 2021-01-11}
  Assets:US:Vanguard:Cash                         -239.97 USD

2021-01-11 * "Investing 60% of cash in RGAGX"
  Assets:US:Vanguard:RGAGX                          8.168 RGAGX {44.08 USD, 2021-01-11}
  Assets:US:Vanguard:Cash                         -360.05 USD

2021-01-22 * "Employer match for contribution"
  Assets:US:Vanguard:Cash                          600.00 USD
  Income:US:Babble:Match401k                      -600.00 USD

2021-01-25 * "Investing 40% of cash in VBMPX"
  Assets:US:Vanguard:VBMPX                          3.323 VBMPX {144.45 USD, 2021-01-25}
  Assets:US:Vanguard:Cash                         -480.01 USD

2021-01-25 * "Investing 60% of cash in RGAGX"
  Assets:US:Vanguard:RGAGX                         16.890 RGAGX {42.63 USD, 2021-01-25}
  Assets:US:Vanguard:Cash                         -720.02 USD

2021-01-25 * "Investing 40% of cash in VBMPX"
  Assets:US:Vanguard:VBMPX                          1.662 VBMPX {144.45 USD, 2021-01-25}
  Assets:US:Vanguard:Cash                         -240.08 USD

2021-01-25 * "Investing 60% of cash in RGAGX"
  Assets:US:Vanguard:RGAGX                          8.445 RGAGX {42.63 USD, 2021-01-25}
  Assets:US:Vanguard:Cash                         -360.01 USD

2021-02-05 * "Employer match for contribution"
  Assets:US:Vanguard:Cash                          600.00 USD
  Income:US:Babble:Match401k                      -600.00 USD

2021-02-08 * "Investing 40% of cash in VBMPX"
  Assets:US:Vanguard:VBMPX                          3.284 VBMPX {146.15 USD, 2021-02-08}
  Assets:US:Vanguard:Cash                         -479.96 USD

2021-02-08 * "Investing 60% of cash in RGAGX"
  Assets:US:Vanguard:RGAGX                         16.892 RGAGX {42.62 USD, 2021-02-08}
  Assets:US:Vanguard:Cash                         -719.94 USD

2021-02-08 * "Investing 40% of cash in VBMPX"
  Assets:US:Vanguard:VBMPX                          1.642 VBMPX {146.15 USD, 2021-02-08}
  Assets:US:Vanguard:Cash                         -239.98 USD

2021-02-08 * "Investing 60% of cash in RGAGX"
  Assets:US:Vanguard:RGAGX                          8.447 RGAGX {42.62 USD, 2021-02-08}
  Assets:US:Vanguard:Cash                         -360.01 USD

2021-02-19 * "Employer match for contribution"
  Assets:US:Vanguard:Cash                          600.00 USD
  Income:US:Babble:Match401k                      -600.00 USD

2021-02-22 * "Investing 40% of cash in VBMPX"
  Assets:US:Vanguard:VBMPX                          3.271 VBMPX {146.77 USD, 2021-02-22}
  Assets:US:Vanguard:Cash                         -480.08 USD

2021-02-22 * "Investing 60% of cash in RGAGX"
  Assets:US:Vanguard:RGAGX                         17.217 RGAGX {41.82 USD, 2021-02-22}
  Assets:US:Vanguard:Cash                         -720.01 USD

2021-02-22 * "Investing 40% of cash in VBMPX"
  Assets:US:Vanguard:VBMPX                          1.635 VBMPX {146.77 USD, 2021-02-22}
  Assets:US:Vanguard:Cash                         -239.97 USD

2021-02-22 * "Investing 60% of cash in RGAGX"
  Assets:US:Vanguard:RGAGX                          8.608 RGAGX {41.82 USD, 2021-02-22}
  Assets:US:Vanguard:Cash                         -359.99 USD

2021-03-05 * "Employer match for contribution"
  Assets:US:Vanguard:Cash                          600.00 USD
  Income:US:Babble:Match401k                      -600.00 USD

2021-03-08 * "Investing 40% of cash in VBMPX"
  Assets:US:Vanguard:VBMPX                          3.187 VBMPX {150.59 USD, 2021-03-08}
  Assets:US:Vanguard:Cash                         -479.93 USD

2021-03-08 * "Investing 60% of cash in RGAGX"
  Assets:US:Vanguard:RGAGX                         17.151 RGAGX {41.98 USD, 2021-03-08}
  Assets:US:Vanguard:Cash                         -720.00 USD

2021-03-08 * "Investing 40% of cash in VBMPX"
  Assets:US:Vanguard:VBMPX                          1.594 VBMPX {150.59 USD, 2021-03-08}
  Assets:US:Vanguard:Cash                         -240.04 USD

2021-03-08 * "Investing 60% of cash in RGAGX"
  Assets:US:Vanguard:RGAGX                          8.576 RGAGX {41.98 USD, 2021-03-08}
  Assets:US:Vanguard:Cash                         -360.02 USD

2021-03-19 * "Employer match for contribution"
  Assets:US:Vanguard:Cash                          600.00 USD
  Income:US:Babble:Match401k                      -600.00 USD

2021-03-22 * "Investing 40% of cash in VBMPX"
  Assets:US:Vanguard:VBMPX                          3.133 VBMPX {153.23 USD, 2021-03-22}
  Assets:US:Vanguard:Cash                         -480.07 USD

2021-03-22 * "Investing 60% of cash in RGAGX"
  Assets:US:Vanguard:RGAGX                         17.283 RGAGX {41.66 USD, 2021-03-22}
  Assets:US:Vanguard:Cash                         -720.01 USD

2021-03-22 * "Investing 40% of cash in VBMPX"
  Assets:US:Vanguard:VBMPX                          1.566 VBMPX {153.23 USD, 2021-03-22}
  Assets:US:Vanguard:Cash                         -239.96 USD

2021-03-22 * "Investing 60% of cash in RGAGX"
  Assets:US:Vanguard:RGAGX                          8.640 RGAGX {41.66 USD, 2021-03-22}
  Assets:US:Vanguard:Cash                         -359.94 USD

2021-04-02 * "Employer match for contribution"
  Assets:US:Vanguard:Cash                          600.00 USD
  Income:US:Babble:Match401k                      -600.00 USD

2021-04-05 * "Investing 40% of cash in VBMPX"
  Assets:US:Vanguard:VBMPX                          3.197 VBMPX {150.13 USD, 2021-04-05}
  Assets:US:Vanguard:Cash                         -479.97 USD

2021-04-05 * "Investing 60% of cash in RGAGX"
  Assets:US:Vanguard:RGAGX                         17.362 RGAGX {41.47 USD, 2021-04-05}
  Assets:US:Vanguard:Cash                         -720.00 USD

2021-04-05 * "Investing 40% of cash in VBMPX"
  Assets:US:Vanguard:VBMPX                          1.599 VBMPX {150.13 USD, 2021-04-05}
  Assets:US:Vanguard:Cash                         -240.06 USD

2021-04-05 * "Investing 60% of cash in RGAGX"
  Assets:US:Vanguard:RGAGX                          8.682 RGAGX {41.47 USD, 2021-04-05}
  Assets:US:Vanguard:Cash                         -360.04 USD

2021-04-16 * "Employer match for contribution"
  Assets:US:Vanguard:Cash                          600.00 USD
  Income:US:Babble:Match401k                      -600.00 USD

2021-04-19 * "Investing 40% of cash in VBMPX"
  Assets:US:Vanguard:VBMPX                          3.184 VBMPX {150.76 USD, 2021-04-19}
  Assets:US:Vanguard:Cash                         -480.02 USD

2021-04-19 * "Investing 60% of cash in RGAGX"
  Assets:US:Vanguard:RGAGX                         17.085 RGAGX {42.14 USD, 2021-04-19}
  Assets:US:Vanguard:Cash                         -719.96 USD

2021-04-19 * "Investing 40% of cash in VBMPX"
  Assets:US:Vanguard:VBMPX                          1.592 VBMPX {150.76 USD, 2021-04-19}
  Assets:US:Vanguard:Cash                         -240.01 USD

2021-04-19 * "Investing 60% of cash in RGAGX"
  Assets:US:Vanguard:RGAGX                          8.543 RGAGX {42.14 USD, 2021-04-19}
  Assets:US:Vanguard:Cash                         -360.00 USD

2021-04-30 * "Employer match for contribution"
  Assets:US:Vanguard:Cash                          600.00 USD
  Income:US:Babble:Match401k                      -600.00 USD

2021-05-03 * "Investing 40% of cash in VBMPX"
  Assets:US:Vanguard:VBMPX                          3.157 VBMPX {152.03 USD, 2021-05-03}
  Assets:US:Vanguard:Cash                         -479.96 USD

2021-05-03 * "Investing 60% of cash in RGAGX"
  Assets:US:Vanguard:RGAGX                         16.913 RGAGX {42.57 USD, 2021-05-03}
  Assets:US:Vanguard:Cash                         -719.99 USD

2021-05-03 * "Investing 40% of cash in VBMPX"
  Assets:US:Vanguard:VBMPX                          1.579 VBMPX {152.03 USD, 2021-05-03}
  Assets:US:Vanguard:Cash                         -240.06 USD

2021-05-03 * "Investing 60% of cash in RGAGX"
  Assets:US:Vanguard:RGAGX                          8.457 RGAGX {42.57 USD, 2021-05-03}
  Assets:US:Vanguard:Cash                         -360.01 USD

2021-05-14 * "Employer match for contribution"
  Assets:US:Vanguard:Cash                          600.00 USD
  Income:US:Babble:Match401k                      -600.00 USD

2021-05-17 * "Investing 40% of cash in VBMPX"
  Assets:US:Vanguard:VBMPX                          3.213 VBMPX {149.40 USD, 2021-05-17}
  Assets:US:Vanguard:Cash                         -480.02 USD

2021-05-17 * "Investing 60% of cash in RGAGX"
  Assets:US:Vanguard:RGAGX                         16.736 RGAGX {43.02 USD, 2021-05-17}
  Assets:US:Vanguard:Cash                         -719.98 USD

2021-05-17 * "Investing 40% of cash in VBMPX"
  Assets:US:Vanguard:VBMPX                          1.606 VBMPX {149.40 USD, 2021-05-17}
  Assets:US:Vanguard:Cash                         -239.94 USD

2021-05-17 * "Investing 60% of cash in RGAGX"
  Assets:US:Vanguard:RGAGX                          8.367 RGAGX {43.02 USD, 2021-05-17}
  Assets:US:Vanguard:Cash                         -359.95 USD

2021-05-28 * "Employer match for contribution"
  Assets:US:Vanguard:Cash                          600.00 USD
  Income:US:Babble:Match401k                      -600.00 USD

2021-05-31 * "Investing 40% of cash in VBMPX"
  Assets:US:Vanguard:VBMPX                          3.213 VBMPX {149.38 USD, 2021-05-31}
  Assets:US:Vanguard:Cash                         -479.96 USD

2021-05-31 * "Investing 60% of cash in RGAGX"
  Assets:US:Vanguard:RGAGX                         16.477 RGAGX {43.70 USD, 2021-05-31}
  Assets:US:Vanguard:Cash                         -720.04 USD

2021-05-31 * "Investing 40% of cash in VBMPX"
  Assets:US:Vanguard:VBMPX                          1.607 VBMPX {149.38 USD, 2021-05-31}
  Assets:US:Vanguard:Cash                         -240.05 USD

2021-05-31 * "Investing 60% of cash in RGAGX"
  Assets:US:Vanguard:RGAGX                          8.239 RGAGX {43.70 USD, 2021-05-31}
  Assets:US:Vanguard:Cash                         -360.04 USD

2021-06-11 * "Employer match for contribution"
  Assets:US:Vanguard:Cash                          600.00 USD
  Income:US:Babble:Match401k                      -600.00 USD

2021-06-14 * "Investing 40% of cash in VBMPX"
  Assets:US:Vanguard:VBMPX                          3.210 VBMPX {149.51 USD, 2021-06-14}
  Assets:US:Vanguard:Cash                         -479.93 USD

2021-06-14 * "Investing 60% of cash in RGAGX"
  Assets:US:Vanguard:RGAGX                         16.319 RGAGX {44.12 USD, 2021-06-14}
  Assets:US:Vanguard:Cash                         -719.99 USD

2021-06-14 * "Investing 40% of cash in VBMPX"
  Assets:US:Vanguard:VBMPX                          1.605 VBMPX {149.51 USD, 2021-06-14}
  Assets:US:Vanguard:Cash                         -239.96 USD

2021-06-14 * "Investing 60% of cash in RGAGX"
  Assets:US:Vanguard:RGAGX                          8.160 RGAGX {44.12 USD, 2021-06-14}
  Assets:US:Vanguard:Cash                         -360.02 USD

2021-06-25 * "Employer match for contribution"
  Assets:US:Vanguard:Cash                          600.00 USD
  Income:US:Babble:Match401k                      -600.00 USD

2021-06-28 * "Investing 40% of cash in VBMPX"
  Assets:US:Vanguard:VBMPX                          3.221 VBMPX {149.03 USD, 2021-06-28}
  Assets:US:Vanguard:Cash                         -480.03 USD

2021-06-28 * "Investing 60% of cash in RGAGX"
  Assets:US:Vanguard:RGAGX                         16.560 RGAGX {43.48 USD, 2021-06-28}
  Assets:US:Vanguard:Cash                         -720.03 USD

2021-06-28 * "Investing 40% of cash in VBMPX"
  Assets:US:Vanguard:VBMPX                          1.610 VBMPX {149.03 USD, 2021-06-28}
  Assets:US:Vanguard:Cash                         -239.94 USD

2021-06-28 * "Investing 60% of cash in RGAGX"
  Assets:US:Vanguard:RGAGX                          8.280 RGAGX {43.48 USD, 2021-06-28}
  Assets:US:Vanguard:Cash                         -360.01 USD

2021-07-09 * "Employer match for contribution"
  Assets:US:Vanguard:Cash                          600.00 USD
  Income:US:Babble:Match401k                      -600.00 USD

2021-07-12 * "Investing 40% of cash in VBMPX"
  Assets:US:Vanguard:VBMPX                          3.262 VBMPX {147.15 USD, 2021-07-12}
  Assets:US:Vanguard:Cash                         -480.00 USD

2021-07-12 * "Investing 60% of cash in RGAGX"
  Assets:US:Vanguard:RGAGX                         16.402 RGAGX {43.90 USD, 2021-07-12}
  Assets:US:Vanguard:Cash                         -720.05 USD

2021-07-12 * "Investing 40% of cash in VBMPX"
  Assets:US:Vanguard:VBMPX                          1.631 VBMPX {147.15 USD, 2021-07-12}
  Assets:US:Vanguard:Cash                         -240.00 USD

2021-07-12 * "Investing 60% of cash in RGAGX"
  Assets:US:Vanguard:RGAGX                          8.200 RGAGX {43.90 USD, 2021-07-12}
  Assets:US:Vanguard:Cash                         -359.98 USD

2021-07-23 * "Employer match for contribution"
  Assets:US:Vanguard:Cash                          600.00 USD
  Income:US:Babble:Match401k                      -600.00 USD

2021-07-26 * "Investing 40% of cash in VBMPX"
  Assets:US:Vanguard:VBMPX                          3.219 VBMPX {149.10 USD, 2021-07-26}
  Assets:US:Vanguard:Cash                         -479.95 USD

2021-07-26 * "Investing 60% of cash in RGAGX"
  Assets:US:Vanguard:RGAGX                         16.331 RGAGX {44.09 USD, 2021-07-26}
  Assets:US:Vanguard:Cash                         -720.03 USD

2021-07-26 * "Investing 40% of cash in VBMPX"
  Assets:US:Vanguard:VBMPX                          1.610 VBMPX {149.10 USD, 2021-07-26}
  Assets:US:Vanguard:Cash                         -240.05 USD

2021-07-26 * "Investing 60% of cash in RGAGX"
  Assets:US:Vanguard:RGAGX                          8.166 RGAGX {44.09 USD, 2021-07-26}
  Assets:US:Vanguard:Cash                         -360.04 USD

2021-08-06 * "Employer match for contribution"
  Assets:US:Vanguard:Cash                          250.00 USD
  Income:US:Babble:Match401k                      -250.00 USD

2021-08-09 * "Investing 40% of cash in VBMPX"
  Assets:US:Vanguard:VBMPX                          1.363 VBMPX {146.75 USD, 2021-08-09}
  Assets:US:Vanguard:Cash                         -200.02 USD

2021-08-09 * "Investing 60% of cash in RGAGX"
  Assets:US:Vanguard:RGAGX                          6.768 RGAGX {44.32 USD, 2021-08-09}
  Assets:US:Vanguard:Cash                         -299.96 USD

2021-08-09 * "Investing 40% of cash in VBMPX"
  Assets:US:Vanguard:VBMPX                          0.681 VBMPX {146.75 USD, 2021-08-09}
  Assets:US:Vanguard:Cash                          -99.94 USD

2021-08-09 * "Investing 60% of cash in RGAGX"
  Assets:US:Vanguard:RGAGX                          3.384 RGAGX {44.32 USD, 2021-08-09}
  Assets:US:Vanguard:Cash                         -149.98 USD

2022-01-07 * "Employer match for contribution"
  Assets:US:Vanguard:Cash                          600.00 USD
  Income:US:Babble:Match401k                      -600.00 USD

2022-01-10 * "Investing 40% of cash in VBMPX"
  Assets:US:Vanguard:VBMPX                          3.320 VBMPX {144.57 USD, 2022-01-10}
  Assets:US:Vanguard:Cash                         -479.97 USD

2022-01-10 * "Investing 60% of cash in RGAGX"
  Assets:US:Vanguard:RGAGX                         15.057 RGAGX {47.82 USD, 2022-01-10}
  Assets:US:Vanguard:Cash                         -720.03 USD

2022-01-10 * "Investing 40% of cash in VBMPX"
  Assets:US:Vanguard:VBMPX                          1.660 VBMPX {144.57 USD, 2022-01-10}
  Assets:US:Vanguard:Cash                         -239.99 USD

2022-01-10 * "Investing 60% of cash in RGAGX"
  Assets:US:Vanguard:RGAGX                          7.529 RGAGX {47.82 USD, 2022-01-10}
  Assets:US:Vanguard:Cash                         -360.04 USD

2022-01-21 * "Employer match for contribution"
  Assets:US:Vanguard:Cash                          600.00 USD
  Income:US:Babble:Match401k                      -600.00 USD

2022-01-24 * "Investing 40% of cash in VBMPX"
  Assets:US:Vanguard:VBMPX                          3.337 VBMPX {143.83 USD, 2022-01-24}
  Assets:US:Vanguard:Cash                         -479.96 USD

2022-01-24 * "Investing 60% of cash in RGAGX"
  Assets:US:Vanguard:RGAGX                         14.935 RGAGX {48.21 USD, 2022-01-24}
  Assets:US:Vanguard:Cash                         -720.02 USD

2022-01-24 * "Investing 40% of cash in VBMPX"
  Assets:US:Vanguard:VBMPX                          1.669 VBMPX {143.83 USD, 2022-01-24}
  Assets:US:Vanguard:Cash                         -240.05 USD

2022-01-24 * "Investing 60% of cash in RGAGX"
  Assets:US:Vanguard:RGAGX                          7.468 RGAGX {48.21 USD, 2022-01-24}
  Assets:US:Vanguard:Cash                         -360.03 USD

2022-02-04 * "Employer match for contribution"
  Assets:US:Vanguard:Cash                          600.00 USD
  Income:US:Babble:Match401k                      -600.00 USD

2022-02-07 * "Investing 40% of cash in VBMPX"
  Assets:US:Vanguard:VBMPX                          3.348 VBMPX {143.35 USD, 2022-02-07}
  Assets:US:Vanguard:Cash                         -479.94 USD

2022-02-07 * "Investing 60% of cash in RGAGX"
  Assets:US:Vanguard:RGAGX                         14.882 RGAGX {48.38 USD, 2022-02-07}
  Assets:US:Vanguard:Cash                         -719.99 USD

2022-02-07 * "Investing 40% of cash in VBMPX"
  Assets:US:Vanguard:VBMPX                          1.674 VBMPX {143.35 USD, 2022-02-07}
  Assets:US:Vanguard:Cash                         -239.97 USD

2022-02-07 * "Investing 60% of cash in RGAGX"
  Assets:US:Vanguard:RGAGX                          7.441 RGAGX {48.38 USD, 2022-02-07}
  Assets:US:Vanguard:Cash                         -360.00 USD

2022-02-18 * "Employer match for contribution"
  Assets:US:Vanguard:Cash                          600.00 USD
  Income:US:Babble:Match401k                      -600.00 USD

2022-02-21 * "Investing 40% of cash in VBMPX"
  Assets:US:Vanguard:VBMPX                          3.407 VBMPX {140.91 USD, 2022-02-21}
  Assets:US:Vanguard:Cash                         -480.08 USD

2022-02-21 * "Investing 60% of cash in RGAGX"
  Assets:US:Vanguard:RGAGX                         14.898 RGAGX {48.33 USD, 2022-02-21}
  Assets:US:Vanguard:Cash                         -720.02 USD

2022-02-21 * "Investing 40% of cash in VBMPX"
  Assets:US:Vanguard:VBMPX                          1.703 VBMPX {140.91 USD, 2022-02-21}
  Assets:US:Vanguard:Cash                         -239.97 USD

2022-02-21 * "Investing 60% of cash in RGAGX"
  Assets:US:Vanguard:RGAGX                          7.448 RGAGX {48.33 USD, 2022-02-21}
  Assets:US:Vanguard:Cash                         -359.96 USD

2022-03-04 * "Employer match for contribution"
  Assets:US:Vanguard:Cash                          600.00 USD
  Income:US:Babble:Match401k                      -600.00 USD

2022-03-07 * "Investing 40% of cash in VBMPX"
  Assets:US:Vanguard:VBMPX                          3.436 VBMPX {139.69 USD, 2022-03-07}
  Assets:US:Vanguard:Cash                         -479.97 USD

2022-03-07 * "Investing 60% of cash in RGAGX"
  Assets:US:Vanguard:RGAGX                         14.947 RGAGX {48.17 USD, 2022-03-07}
  Assets:US:Vanguard:Cash                         -720.00 USD

2022-03-07 * "Investing 40% of cash in VBMPX"
  Assets:US:Vanguard:VBMPX                          1.718 VBMPX {139.69 USD, 2022-03-07}
  Assets:US:Vanguard:Cash                         -239.99 USD

2022-03-07 * "Investing 60% of cash in RGAGX"
  Assets:US:Vanguard:RGAGX                          7.474 RGAGX {48.17 USD, 2022-03-07}
  Assets:US:Vanguard:Cash                         -360.02 USD

2022-03-18 * "Employer match for contribution"
  Assets:US:Vanguard:Cash                          600.00 USD
  Income:US:Babble:Match401k                      -600.00 USD

2022-03-21 * "Investing 40% of cash in VBMPX"
  Assets:US:Vanguard:VBMPX                          3.400 VBMPX {141.17 USD, 2022-03-21}
  Assets:US:Vanguard:Cash                         -479.98 USD

2022-03-21 * "Investing 60% of cash in RGAGX"
  Assets:US:Vanguard:RGAGX                         14.846 RGAGX {48.50 USD, 2022-03-21}
  Assets:US:Vanguard:Cash                         -720.03 USD

2022-03-21 * "Investing 40% of cash in VBMPX"
  Assets:US:Vanguard:VBMPX                          1.700 VBMPX {141.17 USD, 2022-03-21}
  Assets:US:Vanguard:Cash                         -239.99 USD

2022-03-21 * "Investing 60% of cash in RGAGX"
  Assets:US:Vanguard:RGAGX                          7.423 RGAGX {48.50 USD, 2022-03-21}
  Assets:US:Vanguard:Cash                         -360.02 USD

2022-04-01 * "Employer match for contribution"
  Assets:US:Vanguard:Cash                          600.00 USD
  Income:US:Babble:Match401k                      -600.00 USD

2022-04-04 * "Investing 40% of cash in VBMPX"
  Assets:US:Vanguard:VBMPX                          3.397 VBMPX {141.31 USD, 2022-04-04}
  Assets:US:Vanguard:Cash                         -480.03 USD

2022-04-04 * "Investing 60% of cash in RGAGX"
  Assets:US:Vanguard:RGAGX                         14.957 RGAGX {48.14 USD, 2022-04-04}
  Assets:US:Vanguard:Cash                         -720.03 USD

2022-04-04 * "Investing 40% of cash in VBMPX"
  Assets:US:Vanguard:VBMPX                          1.698 VBMPX {141.31 USD, 2022-04-04}
  Assets:US:Vanguard:Cash                         -239.94 USD

2022-04-04 * "Investing 60% of cash in RGAGX"
  Assets:US:Vanguard:RGAGX                          7.478 RGAGX {48.14 USD, 2022-04-04}
  Assets:US:Vanguard:Cash                         -359.99 USD

2022-04-15 * "Employer match for contribution"
  Assets:US:Vanguard:Cash                          600.00 USD
  Income:US:Babble:Match401k                      -600.00 USD

2022-04-18 * "Investing 40% of cash in VBMPX"
  Assets:US:Vanguard:VBMPX                          3.350 VBMPX {143.28 USD, 2022-04-18}
  Assets:US:Vanguard:Cash                         -479.99 USD

2022-04-18 * "Investing 60% of cash in RGAGX"
  Assets:US:Vanguard:RGAGX                         14.785 RGAGX {48.70 USD, 2022-04-18}
  Assets:US:Vanguard:Cash                         -720.03 USD

2022-04-18 * "Investing 40% of cash in VBMPX"
  Assets:US:Vanguard:VBMPX                          1.675 VBMPX {143.28 USD, 2022-04-18}
  Assets:US:Vanguard:Cash                         -239.99 USD

2022-04-18 * "Investing 60% of cash in RGAGX"
  Assets:US:Vanguard:RGAGX                          7.392 RGAGX {48.70 USD, 2022-04-18}
  Assets:US:Vanguard:Cash                         -359.99 USD

2022-04-29 * "Employer match for contribution"
  Assets:US:Vanguard:Cash                          600.00 USD
  Income:US:Babble:Match401k                      -600.00 USD

2022-05-02 * "Investing 40% of cash in VBMPX"
  Assets:US:Vanguard:VBMPX                          3.315 VBMPX {144.79 USD, 2022-05-02}
  Assets:US:Vanguard:Cash                         -479.98 USD

2022-05-02 * "Investing 60% of cash in RGAGX"
  Assets:US:Vanguard:RGAGX                         14.346 RGAGX {50.19 USD, 2022-05-02}
  Assets:US:Vanguard:Cash                         -720.03 USD

2022-05-02 * "Investing 40% of cash in VBMPX"
  Assets:US:Vanguard:VBMPX                          1.658 VBMPX {144.79 USD, 2022-05-02}
  Assets:US:Vanguard:Cash                         -240.06 USD

2022-05-02 * "Investing 60% of cash in RGAGX"
  Assets:US:Vanguard:RGAGX                          7.173 RGAGX {50.19 USD, 2022-05-02}
  Assets:US:Vanguard:Cash                         -360.01 USD

2022-05-13 * "Employer match for contribution"
  Assets:US:Vanguard:Cash                          600.00 USD
  Income:US:Babble:Match401k                      -600.00 USD

2022-05-16 * "Investing 40% of cash in VBMPX"
  Assets:US:Vanguard:VBMPX                          3.313 VBMPX {144.89 USD, 2022-05-16}
  Assets:US:Vanguard:Cash                         -480.02 USD

2022-05-16 * "Investing 60% of cash in RGAGX"
  Assets:US:Vanguard:RGAGX                         14.079 RGAGX {51.14 USD, 2022-05-16}
  Assets:US:Vanguard:Cash                         -720.00 USD

2022-05-16 * "Investing 40% of cash in VBMPX"
  Assets:US:Vanguard:VBMPX                          1.656 VBMPX {144.89 USD, 2022-05-16}
  Assets:US:Vanguard:Cash                         -239.94 USD

2022-05-16 * "Investing 60% of cash in RGAGX"
  Assets:US:Vanguard:RGAGX                          7.039 RGAGX {51.14 USD, 2022-05-16}
  Assets:US:Vanguard:Cash                         -359.97 USD

2022-05-27 * "Employer match for contribution"
  Assets:US:Vanguard:Cash                          600.00 USD
  Income:US:Babble:Match401k                      -600.00 USD

2022-05-30 * "Investing 40% of cash in VBMPX"
  Assets:US:Vanguard:VBMPX                          3.293 VBMPX {145.78 USD, 2022-05-30}
  Assets:US:Vanguard:Cash                         -480.05 USD

2022-05-30 * "Investing 60% of cash in RGAGX"
  Assets:US:Vanguard:RGAGX                         13.924 RGAGX {51.71 USD, 2022-05-30}
  Assets:US:Vanguard:Cash                         -720.01 USD

2022-05-30 * "Investing 40% of cash in VBMPX"
  Assets:US:Vanguard:VBMPX                          1.646 VBMPX {145.78 USD, 2022-05-30}
  Assets:US:Vanguard:Cash                         -239.95 USD

2022-05-30 * "Investing 60% of cash in RGAGX"
  Assets:US:Vanguard:RGAGX                          6.962 RGAGX {51.71 USD, 2022-05-30}
  Assets:US:Vanguard:Cash                         -360.01 USD

2022-06-10 * "Employer match for contribution"
  Assets:US:Vanguard:Cash                          600.00 USD
  Income:US:Babble:Match401k                      -600.00 USD

2022-06-13 * "Investing 40% of cash in VBMPX"
  Assets:US:Vanguard:VBMPX                          3.295 VBMPX {145.67 USD, 2022-06-13}
  Assets:US:Vanguard:Cash                         -479.98 USD

2022-06-13 * "Investing 60% of cash in RGAGX"
  Assets:US:Vanguard:RGAGX                         13.881 RGAGX {51.87 USD, 2022-06-13}
  Assets:US:Vanguard:Cash                         -720.01 USD

2022-06-13 * "Investing 40% of cash in VBMPX"
  Assets:US:Vanguard:VBMPX                          1.648 VBMPX {145.67 USD, 2022-06-13}
  Assets:US:Vanguard:Cash                         -240.06 USD

2022-06-13 * "Investing 60% of cash in RGAGX"
  Assets:US:Vanguard:RGAGX                          6.941 RGAGX {51.87 USD, 2022-06-13}
  Assets:US:Vanguard:Cash                         -360.03 USD

2022-06-24 * "Employer match for contribution"
  Assets:US:Vanguard:Cash                          600.00 USD
  Income:US:Babble:Match401k                      -600.00 USD

2022-06-27 * "Investing 40% of cash in VBMPX"
  Assets:US:Vanguard:VBMPX                          3.283 VBMPX {146.21 USD, 2022-06-27}
  Assets:US:Vanguard:Cash                         -480.01 USD

2022-06-27 * "Investing 60% of cash in RGAGX"
  Assets:US:Vanguard:RGAGX                         13.899 RGAGX {51.80 USD, 2022-06-27}
  Assets:US:Vanguard:Cash                         -719.97 USD

2022-06-27 * "Investing 40% of cash in VBMPX"
  Assets:US:Vanguard:VBMPX                          1.641 VBMPX {146.21 USD, 2022-06-27}
  Assets:US:Vanguard:Cash                         -239.93 USD

2022-06-27 * "Investing 60% of cash in RGAGX"
  Assets:US:Vanguard:RGAGX                          6.949 RGAGX {51.80 USD, 2022-06-27}
  Assets:US:Vanguard:Cash                         -359.96 USD

2022-07-08 * "Employer match for contribution"
  Assets:US:Vanguard:Cash                          600.00 USD
  Income:US:Babble:Match401k                      -600.00 USD

2022-07-11 * "Investing 40% of cash in VBMPX"
  Assets:US:Vanguard:VBMPX                          3.205 VBMPX {149.76 USD, 2022-07-11}
  Assets:US:Vanguard:Cash                         -479.98 USD

2022-07-11 * "Investing 60% of cash in RGAGX"
  Assets:US:Vanguard:RGAGX                         13.796 RGAGX {52.19 USD, 2022-07-11}
  Assets:US:Vanguard:Cash                         -720.01 USD

2022-07-11 * "Investing 40% of cash in VBMPX"
  Assets:US:Vanguard:VBMPX                          1.603 VBMPX {149.76 USD, 2022-07-11}
  Assets:US:Vanguard:Cash                         -240.07 USD

2022-07-11 * "Investing 60% of cash in RGAGX"
  Assets:US:Vanguard:RGAGX                          6.899 RGAGX {52.19 USD, 2022-07-11}
  Assets:US:Vanguard:Cash                         -360.06 USD

2022-07-22 * "Employer match for contribution"
  Assets:US:Vanguard:Cash                          600.00 USD
  Income:US:Babble:Match401k                      -600.00 USD

2022-07-25 * "Investing 40% of cash in VBMPX"
  Assets:US:Vanguard:VBMPX                          3.153 VBMPX {152.24 USD, 2022-07-25}
  Assets:US:Vanguard:Cash                         -480.01 USD

2022-07-25 * "Investing 60% of cash in RGAGX"
  Assets:US:Vanguard:RGAGX                         13.543 RGAGX {53.16 USD, 2022-07-25}
  Assets:US:Vanguard:Cash                         -719.95 USD

2022-07-25 * "Investing 40% of cash in VBMPX"
  Assets:US:Vanguard:VBMPX                          1.576 VBMPX {152.24 USD, 2022-07-25}
  Assets:US:Vanguard:Cash                         -239.93 USD

2022-07-25 * "Investing 60% of cash in RGAGX"
  Assets:US:Vanguard:RGAGX                          6.772 RGAGX {53.16 USD, 2022-07-25}
  Assets:US:Vanguard:Cash                         -360.00 USD

2022-08-05 * "Employer match for contribution"
  Assets:US:Vanguard:Cash                          250.00 USD
  Income:US:Babble:Match401k                      -250.00 USD

2022-08-08 * "Investing 40% of cash in VBMPX"
  Assets:US:Vanguard:VBMPX                          1.308 VBMPX {152.96 USD, 2022-08-08}
  Assets:US:Vanguard:Cash                         -200.07 USD

2022-08-08 * "Investing 60% of cash in RGAGX"
  Assets:US:Vanguard:RGAGX                          5.587 RGAGX {53.70 USD, 2022-08-08}
  Assets:US:Vanguard:Cash                         -300.02 USD

2022-08-08 * "Investing 40% of cash in VBMPX"
  Assets:US:Vanguard:VBMPX                          0.654 VBMPX {152.96 USD, 2022-08-08}
  Assets:US:Vanguard:Cash                         -100.04 USD

2022-08-08 * "Investing 60% of cash in RGAGX"
  Assets:US:Vanguard:RGAGX                          2.793 RGAGX {53.70 USD, 2022-08-08}
  Assets:US:Vanguard:Cash                         -149.98 USD

2023-01-06 * "Employer match for contribution"
  Assets:US:Vanguard:Cash                          600.00 USD
  Income:US:Babble:Match401k                      -600.00 USD

2023-01-09 * "Investing 40% of cash in VBMPX"
  Assets:US:Vanguard:VBMPX                          2.872 VBMPX {167.10 USD, 2023-01-09}
  Assets:US:Vanguard:Cash                         -479.91 USD

2023-01-09 * "Investing 60% of cash in RGAGX"
  Assets:US:Vanguard:RGAGX                         13.966 RGAGX {51.55 USD, 2023-01-09}
  Assets:US:Vanguard:Cash                         -719.95 USD

2023-01-09 * "Investing 40% of cash in VBMPX"
  Assets:US:Vanguard:VBMPX                          1.436 VBMPX {167.10 USD, 2023-01-09}
  Assets:US:Vanguard:Cash                         -239.96 USD

2023-01-09 * "Investing 60% of cash in RGAGX"
  Assets:US:Vanguard:RGAGX                          6.984 RGAGX {51.55 USD, 2023-01-09}
  Assets:US:Vanguard:Cash                         -360.03 USD

2023-01-20 * "Employer match for contribution"
  Assets:US:Vanguard:Cash                          600.00 USD
  Income:US:Babble:Match401k                      -600.00 USD

2023-01-23 * "Investing 40% of cash in VBMPX"
  Assets:US:Vanguard:VBMPX                          2.891 VBMPX {166.02 USD, 2023-01-23}
  Assets:US:Vanguard:Cash                         -479.96 USD

2023-01-23 * "Investing 60% of cash in RGAGX"
  Assets:US:Vanguard:RGAGX                         13.893 RGAGX {51.83 USD, 2023-01-23}
  Assets:US:Vanguard:Cash                         -720.07 USD

2023-01-23 * "Investing 40% of cash in VBMPX"
  Assets:US:Vanguard:VBMPX                          1.446 VBMPX {166.02 USD, 2023-01-23}
  Assets:US:Vanguard:Cash                         -240.06 USD

2023-01-23 * "Investing 60% of cash in RGAGX"
  Assets:US:Vanguard:RGAGX                          6.946 RGAGX {51.83 USD, 2023-01-23}
  Assets:US:Vanguard:Cash                         -360.01 USD

2023-02-03 * "Employer match for contribution"
  Assets:US:Vanguard:Cash                          600.00 USD
  Income:US:Babble:Match401k                      -600.00 USD

2023-02-06 * "Investing 40% of cash in VBMPX"
  Assets:US:Vanguard:VBMPX                          2.856 VBMPX {168.06 USD, 2023-02-06}
  Assets:US:Vanguard:Cash                         -479.98 USD

2023-02-06 * "Investing 60% of cash in RGAGX"
  Assets:US:Vanguard:RGAGX                         13.830 RGAGX {52.06 USD, 2023-02-06}
  Assets:US:Vanguard:Cash                         -719.99 USD

2023-02-06 * "Investing 40% of cash in VBMPX"
  Assets:US:Vanguard:VBMPX                          1.428 VBMPX {168.06 USD, 2023-02-06}
  Assets:US:Vanguard:Cash                         -239.99 USD

2023-02-06 * "Investing 60% of cash in RGAGX"
  Assets:US:Vanguard:RGAGX                          6.915 RGAGX {52.06 USD, 2023-02-06}
  Assets:US:Vanguard:Cash                         -359.99 USD

2023-02-17 * "Employer match for contribution"
  Assets:US:Vanguard:Cash                          600.00 USD
  Income:US:Babble:Match401k                      -600.00 USD

2023-02-20 * "Investing 40% of cash in VBMPX"
  Assets:US:Vanguard:VBMPX                          2.877 VBMPX {166.85 USD, 2023-02-20}
  Assets:US:Vanguard:Cash                         -480.03 USD

2023-02-20 * "Investing 60% of cash in RGAGX"
  Assets:US:Vanguard:RGAGX                         13.855 RGAGX {51.97 USD, 2023-02-20}
  Assets:US:Vanguard:Cash                         -720.04 USD

2023-02-20 * "Investing 40% of cash in VBMPX"
  Assets:US:Vanguard:VBMPX                          1.438 VBMPX {166.85 USD, 2023-02-20}
  Assets:US:Vanguard:Cash                         -239.93 USD

2023-02-20 * "Investing 60% of cash in RGAGX"
  Assets:US:Vanguard:RGAGX                          6.927 RGAGX {51.97 USD, 2023-02-20}
  Assets:US:Vanguard:Cash                         -360.00 USD

2023-03-03 * "Employer match for contribution"
  Assets:US:Vanguard:Cash                          600.00 USD
  Income:US:Babble:Match401k                      -600.00 USD

2023-03-06 * "Investing 40% of cash in VBMPX"
  Assets:US:Vanguard:VBMPX                          2.883 VBMPX {166.47 USD, 2023-03-06}
  Assets:US:Vanguard:Cash                         -479.93 USD

2023-03-06 * "Investing 60% of cash in RGAGX"
  Assets:US:Vanguard:RGAGX                         13.642 RGAGX {52.78 USD, 2023-03-06}
  Assets:US:Vanguard:Cash                         -720.02 USD

2023-03-06 * "Investing 40% of cash in VBMPX"
  Assets:US:Vanguard:VBMPX                          1.442 VBMPX {166.47 USD, 2023-03-06}
  Assets:US:Vanguard:Cash                         -240.05 USD

2023-03-06 * "Investing 60% of cash in RGAGX"
  Assets:US:Vanguard:RGAGX                          6.822 RGAGX {52.78 USD, 2023-03-06}
  Assets:US:Vanguard:Cash                         -360.07 USD

2023-03-17 * "Employer match for contribution"
  Assets:US:Vanguard:Cash                          600.00 USD
  Income:US:Babble:Match401k                      -600.00 USD

2023-03-20 * "Investing 40% of cash in VBMPX"
  Assets:US:Vanguard:VBMPX                          2.878 VBMPX {166.75 USD, 2023-03-20}
  Assets:US:Vanguard:Cash                         -479.91 USD

2023-03-20 * "Investing 60% of cash in RGAGX"
  Assets:US:Vanguard:RGAGX                         13.883 RGAGX {51.86 USD, 2023-03-20}
  Assets:US:Vanguard:Cash                         -719.97 USD

2023-03-20 * "Investing 40% of cash in VBMPX"
  Assets:US:Vanguard:VBMPX                          1.439 VBMPX {166.75 USD, 2023-03-20}
  Assets:US:Vanguard:Cash                         -239.95 USD

2023-03-20 * "Investing 60% of cash in RGAGX"
  Assets:US:Vanguard:RGAGX                          6.943 RGAGX {51.86 USD, 2023-03-20}
  Assets:US:Vanguard:Cash                         -360.06 USD

2023-03-31 * "Employer match for contribution"
  Assets:US:Vanguard:Cash                          600.00 USD
  Income:US:Babble:Match401k                      -600.00 USD

2023-04-03 * "Investing 40% of cash in VBMPX"
  Assets:US:Vanguard:VBMPX                          2.827 VBMPX {169.80 USD, 2023-04-03}
  Assets:US:Vanguard:Cash                         -480.02 USD

2023-04-03 * "Investing 60% of cash in RGAGX"
  Assets:US:Vanguard:RGAGX                         13.757 RGAGX {52.34 USD, 2023-04-03}
  Assets:US:Vanguard:Cash                         -720.04 USD

2023-04-03 * "Investing 40% of cash in VBMPX"
  Assets:US:Vanguard:VBMPX                          1.413 VBMPX {169.80 USD, 2023-04-03}
  Assets:US:Vanguard:Cash                         -239.93 USD

2023-04-03 * "Investing 60% of cash in RGAGX"
  Assets:US:Vanguard:RGAGX                          6.878 RGAGX {52.34 USD, 2023-04-03}
  Assets:US:Vanguard:Cash                         -359.99 USD

2023-04-14 * "Employer match for contribution"
  Assets:US:Vanguard:Cash                          600.00 USD
  Income:US:Babble:Match401k                      -600.00 USD

2023-04-17 * "Investing 40% of cash in VBMPX"
  Assets:US:Vanguard:VBMPX                          2.861 VBMPX {167.78 USD, 2023-04-17}
  Assets:US:Vanguard:Cash                         -480.02 USD

2023-04-17 * "Investing 60% of cash in RGAGX"
  Assets:US:Vanguard:RGAGX                         14.111 RGAGX {51.03 USD, 2023-04-17}
  Assets:US:Vanguard:Cash                         -720.08 USD

2023-04-17 * "Investing 40% of cash in VBMPX"
  Assets:US:Vanguard:VBMPX                          1.430 VBMPX {167.78 USD, 2023-04-17}
  Assets:US:Vanguard:Cash                         -239.93 USD

2023-04-17 * "Investing 60% of cash in RGAGX"
  Assets:US:Vanguard:RGAGX                          7.055 RGAGX {51.03 USD, 2023-04-17}
  Assets:US:Vanguard:Cash                         -360.02 USD

2023-04-28 * "Employer match for contribution"
  Assets:US:Vanguard:Cash                          600.00 USD
  Income:US:Babble:Match401k                      -600.00 USD

2023-05-01 * "Investing 40% of cash in VBMPX"
  Assets:US:Vanguard:VBMPX                          2.858 VBMPX {167.97 USD, 2023-05-01}
  Assets:US:Vanguard:Cash                         -480.06 USD

2023-05-01 * "Investing 60% of cash in RGAGX"
  Assets:US:Vanguard:RGAGX                         14.091 RGAGX {51.10 USD, 2023-05-01}
  Assets:US:Vanguard:Cash                         -720.05 USD

2023-05-01 * "Investing 40% of cash in VBMPX"
  Assets:US:Vanguard:VBMPX                          1.429 VBMPX {167.97 USD, 2023-05-01}
  Assets:US:Vanguard:Cash                         -240.03 USD

2023-05-01 * "Investing 60% of cash in RGAGX"
  Assets:US:Vanguard:RGAGX                          7.044 RGAGX {51.10 USD, 2023-05-01}
  Assets:US:Vanguard:Cash                         -359.95 USD

2023-05-12 * "Employer match for contribution"
  Assets:US:Vanguard:Cash                          600.00 USD
  Income:US:Babble:Match401k                      -600.00 USD

2023-05-15 * "Investing 40% of cash in VBMPX"
  Assets:US:Vanguard:VBMPX                          2.820 VBMPX {170.18 USD, 2023-05-15}
  Assets:US:Vanguard:Cash                         -479.91 USD

2023-05-15 * "Investing 60% of cash in RGAGX"
  Assets:US:Vanguard:RGAGX                         13.921 RGAGX {51.72 USD, 2023-05-15}
  Assets:US:Vanguard:Cash                         -719.99 USD

2023-05-15 * "Investing 40% of cash in VBMPX"
  Assets:US:Vanguard:VBMPX                          1.410 VBMPX {170.18 USD, 2023-05-15}
  Assets:US:Vanguard:Cash                         -239.95 USD

2023-05-15 * "Investing 60% of cash in RGAGX"
  Assets:US:Vanguard:RGAGX                          6.961 RGAGX {51.72 USD, 2023-05-15}
  Assets:US:Vanguard:Cash                         -360.02 USD

2023-05-26 * "Employer match for contribution"
  Assets:US:Vanguard:Cash                          600.00 USD
  Income:US:Babble:Match401k                      -600.00 USD

2023-05-29 * "Investing 40% of cash in VBMPX"
  Assets:US:Vanguard:VBMPX                          2.850 VBMPX {168.42 USD, 2023-05-29}
  Assets:US:Vanguard:Cash                         -480.00 USD

2023-05-29 * "Investing 60% of cash in RGAGX"
  Assets:US:Vanguard:RGAGX                         14.102 RGAGX {51.06 USD, 2023-05-29}
  Assets:US:Vanguard:Cash                         -720.05 USD

2023-05-29 * "Investing 40% of cash in VBMPX"
  Assets:US:Vanguard:VBMPX                          1.425 VBMPX {168.42 USD, 2023-05-29}
  Assets:US:Vanguard:Cash                         -240.00 USD

2023-05-29 * "Investing 60% of cash in RGAGX"
  Assets:US:Vanguard:RGAGX                          7.051 RGAGX {51.06 USD, 2023-05-29}
  Assets:US:Vanguard:Cash                         -360.02 USD

2023-06-09 * "Employer match for contribution"
  Assets:US:Vanguard:Cash                          600.00 USD
  Income:US:Babble:Match401k                      -600.00 USD

2023-06-12 * "Investing 40% of cash in VBMPX"
  Assets:US:Vanguard:VBMPX                          2.845 VBMPX {168.71 USD, 2023-06-12}
  Assets:US:Vanguard:Cash                         -479.98 USD

2023-06-12 * "Investing 60% of cash in RGAGX"
  Assets:US:Vanguard:RGAGX                         14.241 RGAGX {50.56 USD, 2023-06-12}
  Assets:US:Vanguard:Cash                         -720.02 USD

2023-06-12 * "Investing 40% of cash in VBMPX"
  Assets:US:Vanguard:VBMPX                          1.423 VBMPX {168.71 USD, 2023-06-12}
  Assets:US:Vanguard:Cash                         -240.07 USD

2023-06-12 * "Investing 60% of cash in RGAGX"
  Assets:US:Vanguard:RGAGX                          7.120 RGAGX {50.56 USD, 2023-06-12}
  Assets:US:Vanguard:Cash                         -359.99 USD

2023-06-23 * "Employer match for contribution"
  Assets:US:Vanguard:Cash                          600.00 USD
  Income:US:Babble:Match401k                      -600.00 USD

2023-06-26 * "Investing 40% of cash in VBMPX"
  Assets:US:Vanguard:VBMPX                          2.833 VBMPX {169.42 USD, 2023-06-26}
  Assets:US:Vanguard:Cash                         -479.97 USD

2023-06-26 * "Investing 60% of cash in RGAGX"
  Assets:US:Vanguard:RGAGX                         14.359 RGAGX {50.14 USD, 2023-06-26}
  Assets:US:Vanguard:Cash                         -719.96 USD

2023-06-26 * "Investing 40% of cash in VBMPX"
  Assets:US:Vanguard:VBMPX                          1.417 VBMPX {169.42 USD, 2023-06-26}
  Assets:US:Vanguard:Cash                         -240.07 USD

2023-06-26 * "Investing 60% of cash in RGAGX"
  Assets:US:Vanguard:RGAGX                          7.180 RGAGX {50.14 USD, 2023-06-26}
  Assets:US:Vanguard:Cash                         -360.01 USD

2023-07-07 * "Employer match for contribution"
  Assets:US:Vanguard:Cash                          600.00 USD
  Income:US:Babble:Match401k                      -600.00 USD

2023-07-10 * "Investing 40% of cash in VBMPX"
  Assets:US:Vanguard:VBMPX                          2.861 VBMPX {167.79 USD, 2023-07-10}
  Assets:US:Vanguard:Cash                         -480.05 USD

2023-07-10 * "Investing 60% of cash in RGAGX"
  Assets:US:Vanguard:RGAGX                         14.379 RGAGX {50.07 USD, 2023-07-10}
  Assets:US:Vanguard:Cash                         -719.96 USD

2023-07-10 * "Investing 40% of cash in VBMPX"
  Assets:US:Vanguard:VBMPX                          1.430 VBMPX {167.79 USD, 2023-07-10}
  Assets:US:Vanguard:Cash                         -239.94 USD

2023-07-10 * "Investing 60% of cash in RGAGX"
  Assets:US:Vanguard:RGAGX                          7.189 RGAGX {50.07 USD, 2023-07-10}
  Assets:US:Vanguard:Cash                         -359.95 USD

2023-07-21 * "Employer match for contribution"
  Assets:US:Vanguard:Cash                          600.00 USD
  Income:US:Babble:Match401k                      -600.00 USD

2023-07-24 * "Investing 40% of cash in VBMPX"
  Assets:US:Vanguard:VBMPX                          2.873 VBMPX {167.07 USD, 2023-07-24}
  Assets:US:Vanguard:Cash                         -479.99 USD

2023-07-24 * "Investing 60% of cash in RGAGX"
  Assets:US:Vanguard:RGAGX                         14.395 RGAGX {50.02 USD, 2023-07-24}
  Assets:US:Vanguard:Cash                         -720.04 USD

2023-07-24 * "Investing 40% of cash in VBMPX"
  Assets:US:Vanguard:VBMPX                          1.437 VBMPX {167.07 USD, 2023-07-24}
  Assets:US:Vanguard:Cash                         -240.08 USD

2023-07-24 * "Investing 60% of cash in RGAGX"
  Assets:US:Vanguard:RGAGX                          7.197 RGAGX {50.02 USD, 2023-07-24}
  Assets:US:Vanguard:Cash                         -359.99 USD

2023-08-04 * "Employer match for contribution"
  Assets:US:Vanguard:Cash                          250.00 USD
  Income:US:Babble:Match401k                      -250.00 USD

2023-08-07 * "Investing 40% of cash in VBMPX"
  Assets:US:Vanguard:VBMPX                          1.207 VBMPX {165.67 USD, 2023-08-07}
  Assets:US:Vanguard:Cash                         -199.96 USD

2023-08-07 * "Investing 60% of cash in RGAGX"
  Assets:US:Vanguard:RGAGX                          5.998 RGAGX {50.01 USD, 2023-08-07}
  Assets:US:Vanguard:Cash                         -299.96 USD

2023-08-07 * "Investing 40% of cash in VBMPX"
  Assets:US:Vanguard:VBMPX                          0.604 VBMPX {165.67 USD, 2023-08-07}
  Assets:US:Vanguard:Cash                         -100.06 USD

2023-08-07 * "Investing 60% of cash in RGAGX"
  Assets:US:Vanguard:RGAGX                          3.000 RGAGX {50.01 USD, 2023-08-07}
  Assets:US:Vanguard:Cash                         -150.03 USD



* Sources of Income

2021-01-01 open Income:US:Babble:Salary                      USD
2021-01-01 open Income:US:Babble:GroupTermLife               USD
2021-01-01 open Income:US:Babble:Vacation                    VACHR
2021-01-01 open Assets:US:Babble:Vacation                    VACHR
2021-01-01 open Expenses:Vacation                               VACHR
2021-01-01 open Expenses:Health:Life:GroupTermLife
2021-01-01 open Expenses:Health:Medical:Insurance
2021-01-01 open Expenses:Health:Dental:Insurance
2021-01-01 open Expenses:Health:Vision:Insurance

2021-01-01 event "employer" "Babble, 1 Continuous Loop, Bupertina, CA"

2021-01-07 * "Babble" "Payroll"
  Assets:US:BofA:Checking                         1350.60 USD
  Assets:US:Vanguard:Cash                         1200.00 USD
  Income:US:Babble:Salary                        -4615.38 USD
  Income:US:Babble:GroupTermLife                   -24.32 USD
  Expenses:Health:Life:GroupTermLife                24.32 USD
  Expenses:Health:Dental:Insurance                   2.90 USD
  Expenses:Health:Medical:Insurance                 27.38 USD
  Expenses:Health:Vision:Insurance                  42.30 USD
  Expenses:Taxes:Y2021:US:Medicare                 106.62 USD
  Expenses:Taxes:Y2021:US:Federal                 1062.92 USD
  Expenses:Taxes:Y2021:US:State                    365.08 USD
  Expenses:Taxes:Y2021:US:CityNYC                  174.92 USD
  Expenses:Taxes:Y2021:US:SDI                        1.12 USD
  Expenses:Taxes:Y2021:US:SocSec                   281.54 USD
  Assets:US:Federal:PreTax401k                   -1200.00 IRAUSD
  Expenses:Taxes:Y2021:US:Federal:PreTax401k      1200.00 IRAUSD
  Assets:US:Babble:Vacation                             5 VACHR
  Income:US:Babble:Vacation                            -5 VACHR

2021-01-21 * "Babble" "Payroll"
  Assets:US:BofA:Checking                         1350.60 USD
  Assets:US:Vanguard:Cash                         1200.00 USD
  Income:US:Babble:Salary                        -4615.38 USD
  Income:US:Babble:GroupTermLife                   -24.32 USD
  Expenses:Health:Life:GroupTermLife                24.32 USD
  Expenses:Health:Dental:Insurance                   2.90 USD
  Expenses:Health:Medical:Insurance                 27.38 USD
  Expenses:Health:Vision:Insurance                  42.30 USD
  Expenses:Taxes:Y2021:US:Medicare                 106.62 USD
  Expenses:Taxes:Y2021:US:Federal                 1062.92 USD
  Expenses:Taxes:Y2021:US:State                    365.08 USD
  Expenses:Taxes:Y2021:US:CityNYC                  174.92 USD
  Expenses:Taxes:Y2021:US:SDI                        1.12 USD
  Expenses:Taxes:Y2021:US:SocSec                   281.54 USD
  Assets:US:Federal:PreTax401k                   -1200.00 IRAUSD
  Expenses:Taxes:Y2021:US:Federal:PreTax401k      1200.00 IRAUSD
  Assets:US:Babble:Vacation                             5 VACHR
  Income:US:Babble:Vacation                            -5 VACHR

2021-02-04 * "Babble" "Payroll"
  Assets:US:BofA:Checking                         1350.60 USD
  Assets:US:Vanguard:Cash                         1200.00 USD
  Income:US:Babble:Salary                        -4615.38 USD
  Income:US:Babble:GroupTermLife                   -24.32 USD
  Expenses:Health:Life:GroupTermLife                24.32 USD
  Expenses:Health:Dental:Insurance                   2.90 USD
  Expenses:Health:Medical:Insurance                 27.38 USD
  Expenses:Health:Vision:Insurance                  42.30 USD
  Expenses:Taxes:Y2021:US:Medicare                 106.62 USD
  Expenses:Taxes:Y2021:US:Federal                 1062.92 USD
  Expenses:Taxes:Y2021:US:State                    365.08 USD
  Expenses:Taxes:Y2021:US:CityNYC                  174.92 USD
  Expenses:Taxes:Y2021:US:SDI                        1.12 USD
  Expenses:Taxes:Y2021:US:SocSec                   281.54 USD
  Assets:US:Federal:PreTax401k                   -1200.00 IRAUSD
  Expenses:Taxes:Y2021:US:Federal:PreTax401k      1200.00 IRAUSD
  Assets:US:Babble:Vacation                             5 VACHR
  Income:US:Babble:Vacation                            -5 VACHR

2021-02-18 * "Babble" "Payroll"
  Assets:US:BofA:Checking                         1350.60 USD
  Assets:US:Vanguard:Cash                         1200.00 USD
  Income:US:Babble:Salary                        -4615.38 USD
  Income:US:Babble:GroupTermLife                   -24.32 USD
  Expenses:Health:Life:GroupTermLife                24.32 USD
  Expenses:Health:Dental:Insurance                   2.90 USD
  Expenses:Health:Medical:Insurance                 27.38 USD
  Expenses:Health:Vision:Insurance                  42.30 USD
  Expenses:Taxes:Y2021:US:Medicare                 106.62 USD
  Expenses:Taxes:Y2021:US:Federal                 1062.92 USD
  Expenses:Taxes:Y2021:US:State                    365.08 USD
  Expenses:Taxes:Y2021:US:CityNYC                  174.92 USD
  Expenses:Taxes:Y2021:US:SDI                        1.12 USD
  Expenses:Taxes:Y2021:US:SocSec                   281.54 USD
  Assets:US:Federal:PreTax401k                   -1200.00 IRAUSD
  Expenses:Taxes:Y2021:US:Federal:PreTax401k      1200.00 IRAUSD
  Assets:US:Babble:Vacation                             5 VACHR
  Income:US:Babble:Vacation                            -5 VACHR

2021-03-04 * "Babble" "Payroll"
  Assets:US:BofA:Checking                         1350.60 USD
  Assets:US:Vanguard:Cash                         1200.00 USD
  Income:US:Babble:Salary                        -4615.38 USD
  Income:US:Babble:GroupTermLife                   -24.32 USD
  Expenses:Health:Life:GroupTermLife                24.32 USD
  Expenses:Health:Dental:Insurance                   2.90 USD
  Expenses:Health:Medical:Insurance                 27.38 USD
  Expenses:Health:Vision:Insurance                  42.30 USD
  Expenses:Taxes:Y2021:US:Medicare                 106.62 USD
  Expenses:Taxes:Y2021:US:Federal                 1062.92 USD
  Expenses:Taxes:Y2021:US:State                    365.08 USD
  Expenses:Taxes:Y2021:US:CityNYC                  174.92 USD
  Expenses:Taxes:Y2021:US:SDI                        1.12 USD
  Expenses:Taxes:Y2021:US:SocSec                   281.54 USD
  Assets:US:Federal:PreTax401k                   -1200.00 IRAUSD
  Expenses:Taxes:Y2021:US:Federal:PreTax401k      1200.00 IRAUSD
  Assets:US:Babble:Vacation                             5 VACHR
  Income:US:Babble:Vacation                            -5 VACHR

2021-03-18 * "Babble" "Payroll"
  Assets:US:BofA:Checking                         1350.60 USD
  Assets:US:Vanguard:Cash                         1200.00 USD
  Income:US:Babble:Salary                        -4615.38 USD
  Income:US:Babble:GroupTermLife                   -24.32 USD
  Expenses:Health:Life:GroupTermLife                24.32 USD
  Expenses:Health:Dental:Insurance                   2.90 USD
  Expenses:Health:Medical:Insurance                 27.38 USD
  Expenses:Health:Vision:Insurance                  42.30 USD
  Expenses:Taxes:Y2021:US:Medicare                 106.62 USD
  Expenses:Taxes:Y2021:US:Federal                 1062.92 USD
  Expenses:Taxes:Y2021:US:State                    365.08 USD
  Expenses:Taxes:Y2021:US:CityNYC                  174.92 USD
  Expenses:Taxes:Y2021:US:SDI                        1.12 USD
  Expenses:Taxes:Y2021:US:SocSec                   281.54 USD
  Assets:US:Federal:PreTax401k                   -1200.00 IRAUSD
  Expenses:Taxes:Y2021:US:Federal:PreTax401k      1200.00 IRAUSD
  Assets:US:Babble:Vacation                             5 VACHR
  Income:US:Babble:Vacation                            -5 VACHR

2021-04-01 * "Babble" "Payroll"
  Assets:US:BofA:Checking                         1350.60 USD
  Assets:US:Vanguard:Cash                         1200.00 USD
  Income:US:Babble:Salary                        -4615.38 USD
  Income:US:Babble:GroupTermLife                   -24.32 USD
  Expenses:Health:Life:GroupTermLife                24.32 USD
  Expenses:Health:Dental:Insurance                   2.90 USD
  Expenses:Health:Medical:Insurance                 27.38 USD
  Expenses:Health:Vision:Insurance                  42.30 USD
  Expenses:Taxes:Y2021:US:Medicare                 106.62 USD
  Expenses:Taxes:Y2021:US:Federal                 1062.92 USD
  Expenses:Taxes:Y2021:US:State                    365.08 USD
  Expenses:Taxes:Y2021:US:CityNYC                  174.92 USD
  Expenses:Taxes:Y2021:US:SDI                        1.12 USD
  Expenses:Taxes:Y2021:US:SocSec                   281.54 USD
  Assets:US:Federal:PreTax401k                   -1200.00 IRAUSD
  Expenses:Taxes:Y2021:US:Federal:PreTax401k      1200.00 IRAUSD
  Assets:US:Babble:Vacation                             5 VACHR
  Income:US:Babble:Vacation                            -5 VACHR

2021-04-15 * "Babble" "Payroll"
  Assets:US:BofA:Checking                         1350.60 USD
  Assets:US:Vanguard:Cash                         1200.00 USD
  Income:US:Babble:Salary                        -4615.38 USD
  Income:US:Babble:GroupTermLife                   -24.32 USD
  Expenses:Health:Life:GroupTermLife                24.32 USD
  Expenses:Health:Dental:Insurance                   2.90 USD
  Expenses:Health:Medical:Insurance                 27.38 USD
  Expenses:Health:Vision:Insurance                  42.30 USD
  Expenses:Taxes:Y2021:US:Medicare                 106.62 USD
  Expenses:Taxes:Y2021:US:Federal                 1062.92 USD
  Expenses:Taxes:Y2021:US:State                    365.08 USD
  Expenses:Taxes:Y2021:US:CityNYC                  174.92 USD
  Expenses:Taxes:Y2021:US:SDI                        1.12 USD
  Expenses:Taxes:Y2021:US:SocSec                   281.54 USD
  Assets:US:Federal:PreTax401k                   -1200.00 IRAUSD
  Expenses:Taxes:Y2021:US:Federal:PreTax401k      1200.00 IRAUSD
  Assets:US:Babble:Vacation                             5 VACHR
  Income:US:Babble:Vacation                            -5 VACHR

2021-04-29 * "Babble" "Payroll"
  Assets:US:BofA:Checking                         1350.60 USD
  Assets:US:Vanguard:Cash                         1200.00 USD
  Income:US:Babble:Salary                        -4615.38 USD
  Income:US:Babble:GroupTermLife                   -24.32 USD
  Expenses:Health:Life:GroupTermLife                24.32 USD
  Expenses:Health:Dental:Insurance                   2.90 USD
  Expenses:Health:Medical:Insurance                 27.38 USD
  Expenses:Health:Vision:Insurance                  42.30 USD
  Expenses:Taxes:Y2021:US:Medicare                 106.62 USD
  Expenses:Taxes:Y2021:US:Federal                 1062.92 USD
  Expenses:Taxes:Y2021:US:State                    365.08 USD
  Expenses:Taxes:Y2021:US:CityNYC                  174.92 USD
  Expenses:Taxes:Y2021:US:SDI                        1.12 USD
  Expenses:Taxes:Y2021:US:SocSec                   281.54 USD
  Assets:US:Federal:PreTax401k                   -1200.00 IRAUSD
  Expenses:Taxes:Y2021:US:Federal:PreTax401k      1200.00 IRAUSD
  Assets:US:Babble:Vacation                             5 VACHR
  Income:US:Babble:Vacation                            -5 VACHR

2021-05-13 * "Babble" "Payroll"
  Assets:US:BofA:Checking                         1350.60 USD
  Assets:US:Vanguard:Cash                         1200.00 USD
  Income:US:Babble:Salary                        -4615.38 USD
  Income:US:Babble:GroupTermLife                   -24.32 USD
  Expenses:Health:Life:GroupTermLife                24.32 USD
  Expenses:Health:Dental:Insurance                   2.90 USD
  Expenses:Health:Medical:Insurance                 27.38 USD
  Expenses:Health:Vision:Insurance                  42.30 USD
  Expenses:Taxes:Y2021:US:Medicare                 106.62 USD
  Expenses:Taxes:Y2021:US:Federal                 1062.92 USD
  Expenses:Taxes:Y2021:US:State                    365.08 USD
  Expenses:Taxes:Y2021:US:CityNYC                  174.92 USD
  Expenses:Taxes:Y2021:US:SDI                        1.12 USD
  Expenses:Taxes:Y2021:US:SocSec                   281.54 USD
  Assets:US:Federal:PreTax401k                   -1200.00 IRAUSD
  Expenses:Taxes:Y2021:US:Federal:PreTax401k      1200.00 IRAUSD
  Assets:US:Babble:Vacation                             5 VACHR
  Income:US:Babble:Vacation                            -5 VACHR

2021-05-27 * "Babble" "Payroll"
  Assets:US:BofA:Checking                         1350.60 USD
  Assets:US:Vanguard:Cash                         1200.00 USD
  Income:US:Babble:Salary                        -4615.38 USD
  Income:US:Babble:GroupTermLife                   -24.32 USD
  Expenses:Health:Life:GroupTermLife                24.32 USD
  Expenses:Health:Dental:Insurance                   2.90 USD
  Expenses:Health:Medical:Insurance                 27.38 USD
  Expenses:Health:Vision:Insurance                  42.30 USD
  Expenses:Taxes:Y2021:US:Medicare                 106.62 USD
  Expenses:Taxes:Y2021:US:Federal                 1062.92 USD
  Expenses:Taxes:Y2021:US:State                    365.08 USD
  Expenses:Taxes:Y2021:US:CityNYC                  174.92 USD
  Expenses:Taxes:Y2021:US:SDI                        1.12 USD
  Expenses:Taxes:Y2021:US:SocSec                   281.54 USD
  Assets:US:Federal:PreTax401k                   -1200.00 IRAUSD
  Expenses:Taxes:Y2021:US:Federal:PreTax401k      1200.00 IRAUSD
  Assets:US:Babble:Vacation                             5 VACHR
  Income:US:Babble:Vacation                            -5 VACHR

2021-06-10 * "Babble" "Payroll"
  Assets:US:BofA:Checking                         1350.60 USD
  Assets:US:Vanguard:Cash                         1200.00 USD
  Income:US:Babble:Salary                        -4615.38 USD
  Income:US:Babble:GroupTermLife                   -24.32 USD
  Expenses:Health:Life:GroupTermLife                24.32 USD
  Expenses:Health:Dental:Insurance                   2.90 USD
  Expenses:Health:Medical:Insurance                 27.38 USD
  Expenses:Health:Vision:Insurance                  42.30 USD
  Expenses:Taxes:Y2021:US:Medicare                 106.62 USD
  Expenses:Taxes:Y2021:US:Federal                 1062.92 USD
  Expenses:Taxes:Y2021:US:State                    365.08 USD
  Expenses:Taxes:Y2021:US:CityNYC                  174.92 USD
  Expenses:Taxes:Y2021:US:SDI                        1.12 USD
  Expenses:Taxes:Y2021:US:SocSec                   281.54 USD
  Assets:US:Federal:PreTax401k                   -1200.00 IRAUSD
  Expenses:Taxes:Y2021:US:Federal:PreTax401k      1200.00 IRAUSD
  Assets:US:Babble:Vacation                             5 VACHR
  Income:US:Babble:Vacation                            -5 VACHR

2021-06-24 * "Babble" "Payroll"
  Assets:US:BofA:Checking                         1350.60 USD
  Assets:US:Vanguard:Cash                         1200.00 USD
  Income:US:Babble:Salary                        -4615.38 USD
  Income:US:Babble:GroupTermLife                   -24.32 USD
  Expenses:Health:Life:GroupTermLife                24.32 USD
  Expenses:Health:Dental:Insurance                   2.90 USD
  Expenses:Health:Medical:Insurance                 27.38 USD
  Expenses:Health:Vision:Insurance                  42.30 USD
  Expenses:Taxes:Y2021:US:Medicare                 106.62 USD
  Expenses:Taxes:Y2021:US:Federal                 1062.92 USD
  Expenses:Taxes:Y2021:US:State                    365.08 USD
  Expenses:Taxes:Y2021:US:CityNYC                  174.92 USD
  Expenses:Taxes:Y2021:US:SDI                        1.12 USD
  Expenses:Taxes:Y2021:US:SocSec                   281.54 USD
  Assets:US:Federal:PreTax401k                   -1200.00 IRAUSD
  Expenses:Taxes:Y2021:US:Federal:PreTax401k      1200.00 IRAUSD
  Assets:US:Babble:Vacation                             5 VACHR
  Income:US:Babble:Vacation                            -5 VACHR

2021-07-08 * "Babble" "Payroll"
  Assets:US:BofA:Checking                         1350.60 USD
  Assets:US:Vanguard:Cash                         1200.00 USD
  Income:US:Babble:Salary                        -4615.38 USD
  Income:US:Babble:GroupTermLife                   -24.32 USD
  Expenses:Health:Life:GroupTermLife                24.32 USD
  Expenses:Health:Dental:Insurance                   2.90 USD
  Expenses:Health:Medical:Insurance                 27.38 USD
  Expenses:Health:Vision:Insurance                  42.30 USD
  Expenses:Taxes:Y2021:US:Medicare                 106.62 USD
  Expenses:Taxes:Y2021:US:Federal                 1062.92 USD
  Expenses:Taxes:Y2021:US:State                    365.08 USD
  Expenses:Taxes:Y2021:US:CityNYC                  174.92 USD
  Expenses:Taxes:Y2021:US:SDI                        1.12 USD
  Expenses:Taxes:Y2021:US:SocSec                   281.54 USD
  Assets:US:Federal:PreTax401k                   -1200.00 IRAUSD
  Expenses:Taxes:Y2021:US:Federal:PreTax401k      1200.00 IRAUSD
  Assets:US:Babble:Vacation                             5 VACHR
  Income:US:Babble:Vacation                            -5 VACHR

2021-07-22 * "Babble" "Payroll"
  Assets:US:BofA:Checking                         1350.60 USD
  Assets:US:Vanguard:Cash                         1200.00 USD
  Income:US:Babble:Salary                        -4615.38 USD
  Income:US:Babble:GroupTermLife                   -24.32 USD
  Expenses:Health:Life:GroupTermLife                24.32 USD
  Expenses:Health:Dental:Insurance                   2.90 USD
  Expenses:Health:Medical:Insurance                 27.38 USD
  Expenses:Health:Vision:Insurance                  42.30 USD
  Expenses:Taxes:Y2021:US:Medicare                 106.62 USD
  Expenses:Taxes:Y2021:US:Federal                 1062.92 USD
  Expenses:Taxes:Y2021:US:State                    365.08 USD
  Expenses:Taxes:Y2021:US:CityNYC                  174.92 USD
  Expenses:Taxes:Y2021:US:SDI                        1.12 USD
  Expenses:Taxes:Y2021:US:SocSec                   281.54 USD
  Assets:US:Federal:PreTax401k                   -1200.00 IRAUSD
  Expenses:Taxes:Y2021:US:Federal:PreTax401k      1200.00 IRAUSD
  Assets:US:Babble:Vacation                             5 VACHR
  Income:US:Babble:Vacation                            -5 VACHR

2021-08-05 * "Babble" "Payroll"
  Assets:US:BofA:Checking                         2050.60 USD
  Assets:US:Vanguard:Cash                          500.00 USD
  Income:US:Babble:Salary                        -4615.38 USD
  Income:US:Babble:GroupTermLife                   -24.32 USD
  Expenses:Health:Life:GroupTermLife                24.32 USD
  Expenses:Health:Dental:Insurance                   2.90 USD
  Expenses:Health:Medical:Insurance                 27.38 USD
  Expenses:Health:Vision:Insurance                  42.30 USD
  Expenses:Taxes:Y2021:US:Medicare                 106.62 USD
  Expenses:Taxes:Y2021:US:Federal                 1062.92 USD
  Expenses:Taxes:Y2021:US:State                    365.08 USD
  Expenses:Taxes:Y2021:US:CityNYC                  174.92 USD
  Expenses:Taxes:Y2021:US:SDI                        1.12 USD
  Expenses:Taxes:Y2021:US:SocSec                   281.54 USD
  Assets:US:Federal:PreTax401k                    -500.00 IRAUSD
  Expenses:Taxes:Y2021:US:Federal:PreTax401k       500.00 IRAUSD
  Assets:US:Babble:Vacation                             5 VACHR
  Income:US:Babble:Vacation                            -5 VACHR

2021-08-19 * "Babble" "Payroll"
  Assets:US:BofA:Checking                         2550.60 USD
  Income:US:Babble:Salary                        -4615.38 USD
  Income:US:Babble:GroupTermLife                   -24.32 USD
  Expenses:Health:Life:GroupTermLife                24.32 USD
  Expenses:Health:Dental:Insurance                   2.90 USD
  Expenses:Health:Medical:Insurance                 27.38 USD
  Expenses:Health:Vision:Insurance                  42.30 USD
  Expenses:Taxes:Y2021:US:Medicare                 106.62 USD
  Expenses:Taxes:Y2021:US:Federal                 1062.92 USD
  Expenses:Taxes:Y2021:US:State                    365.08 USD
  Expenses:Taxes:Y2021:US:CityNYC                  174.92 USD
  Expenses:Taxes:Y2021:US:SDI                        1.12 USD
  Expenses:Taxes:Y2021:US:SocSec                   281.54 USD
  Assets:US:Federal:PreTax401k                       0.00 IRAUSD
  Assets:US:Babble:Vacation                             5 VACHR
  Income:US:Babble:Vacation                            -5 VACHR

2021-09-02 * "Babble" "Payroll"
  Assets:US:BofA:Checking                         2550.60 USD
  Income:US:Babble:Salary                        -4615.38 USD
  Income:US:Babble:GroupTermLife                   -24.32 USD
  Expenses:Health:Life:GroupTermLife                24.32 USD
  Expenses:Health:Dental:Insurance                   2.90 USD
  Expenses:Health:Medical:Insurance                 27.38 USD
  Expenses:Health:Vision:Insurance                  42.30 USD
  Expenses:Taxes:Y2021:US:Medicare                 106.62 USD
  Expenses:Taxes:Y2021:US:Federal                 1062.92 USD
  Expenses:Taxes:Y2021:US:State                    365.08 USD
  Expenses:Taxes:Y2021:US:CityNYC                  174.92 USD
  Expenses:Taxes:Y2021:US:SDI                        1.12 USD
  Expenses:Taxes:Y2021:US:SocSec                   281.54 USD
  Assets:US:Federal:PreTax401k                       0.00 IRAUSD
  Assets:US:Babble:Vacation                             5 VACHR
  Income:US:Babble:Vacation                            -5 VACHR

2021-09-16 * "Babble" "Payroll"
  Assets:US:BofA:Checking                         2550.60 USD
  Income:US:Babble:Salary                        -4615.38 USD
  Income:US:Babble:GroupTermLife                   -24.32 USD
  Expenses:Health:Life:GroupTermLife                24.32 USD
  Expenses:Health:Dental:Insurance                   2.90 USD
  Expenses:Health:Medical:Insurance                 27.38 USD
  Expenses:Health:Vision:Insurance                  42.30 USD
  Expenses:Taxes:Y2021:US:Medicare                 106.62 USD
  Expenses:Taxes:Y2021:US:Federal                 1062.92 USD
  Expenses:Taxes:Y2021:US:State                    365.08 USD
  Expenses:Taxes:Y2021:US:CityNYC                  174.92 USD
  Expenses:Taxes:Y2021:US:SDI                        1.12 USD
  Expenses:Taxes:Y2021:US:SocSec                   281.54 USD
  Assets:US:Federal:PreTax401k                       0.00 IRAUSD
  Assets:US:Babble:Vacation                             5 VACHR
  Income:US:Babble:Vacation                            -5 VACHR

2021-09-30 * "Babble" "Payroll"
  Assets:US:BofA:Checking                         2550.60 USD
  Income:US:Babble:Salary                        -4615.38 USD
  Income:US:Babble:GroupTermLife                   -24.32 USD
  Expenses:Health:Life:GroupTermLife                24.32 USD
  Expenses:Health:Dental:Insurance                   2.90 USD
  Expenses:Health:Medical:Insurance                 27.38 USD
  Expenses:Health:Vision:Insurance                  42.30 USD
  Expenses:Taxes:Y2021:US:Medicare                 106.62 USD
  Expenses:Taxes:Y2021:US:Federal                 1062.92 USD
  Expenses:Taxes:Y2021:US:State                    365.08 USD
  Expenses:Taxes:Y2021:US:CityNYC                  174.92 USD
  Expenses:Taxes:Y2021:US:SDI                        1.12 USD
  Expenses:Taxes:Y2021:US:SocSec                   281.54 USD
  Assets:US:Federal:PreTax401k                       0.00 IRAUSD
  Assets:US:Babble:Vacation                             5 VACHR
  Income:US:Babble:Vacation                            -5 VACHR

2021-10-14 * "Babble" "Payroll"
  Assets:US:BofA:Checking                         2550.60 USD
  Income:US:Babble:Salary                        -4615.38 USD
  Income:US:Babble:GroupTermLife                   -24.32 USD
  Expenses:Health:Life:GroupTermLife                24.32 USD
  Expenses:Health:Dental:Insurance                   2.90 USD
  Expenses:Health:Medical:Insurance                 27.38 USD
  Expenses:Health:Vision:Insurance                  42.30 USD
  Expenses:Taxes:Y2021:US:Medicare                 106.62 USD
  Expenses:Taxes:Y2021:US:Federal                 1062.92 USD
  Expenses:Taxes:Y2021:US:State                    365.08 USD
  Expenses:Taxes:Y2021:US:CityNYC                  174.92 USD
  Expenses:Taxes:Y2021:US:SDI                        1.12 USD
  Expenses:Taxes:Y2021:US:SocSec                   281.54 USD
  Assets:US:Federal:PreTax401k                       0.00 IRAUSD
  Assets:US:Babble:Vacation                             5 VACHR
  Income:US:Babble:Vacation                            -5 VACHR

2021-10-28 * "Babble" "Payroll"
  Assets:US:BofA:Checking                         2550.60 USD
  Income:US:Babble:Salary                        -4615.38 USD
  Income:US:Babble:GroupTermLife                   -24.32 USD
  Expenses:Health:Life:GroupTermLife                24.32 USD
  Expenses:Health:Dental:Insurance                   2.90 USD
  Expenses:Health:Medical:Insurance                 27.38 USD
  Expenses:Health:Vision:Insurance                  42.30 USD
  Expenses:Taxes:Y2021:US:Medicare                 106.62 USD
  Expenses:Taxes:Y2021:US:Federal                 1062.92 USD
  Expenses:Taxes:Y2021:US:State                    365.08 USD
  Expenses:Taxes:Y2021:US:CityNYC                  174.92 USD
  Expenses:Taxes:Y2021:US:SDI                        1.12 USD
  Expenses:Taxes:Y2021:US:SocSec                   281.54 USD
  Assets:US:Federal:PreTax401k                       0.00 IRAUSD
  Assets:US:Babble:Vacation                             5 VACHR
  Income:US:Babble:Vacation                            -5 VACHR

2021-11-11 * "Babble" "Payroll"
  Assets:US:BofA:Checking                         2550.60 USD
  Income:US:Babble:Salary                        -4615.38 USD
  Income:US:Babble:GroupTermLife                   -24.32 USD
  Expenses:Health:Life:GroupTermLife                24.32 USD
  Expenses:Health:Dental:Insurance                   2.90 USD
  Expenses:Health:Medical:Insurance                 27.38 USD
  Expenses:Health:Vision:Insurance                  42.30 USD
  Expenses:Taxes:Y2021:US:Medicare                 106.62 USD
  Expenses:Taxes:Y2021:US:Federal                 1062.92 USD
  Expenses:Taxes:Y2021:US:State                    365.08 USD
  Expenses:Taxes:Y2021:US:CityNYC                  174.92 USD
  Expenses:Taxes:Y2021:US:SDI                        1.12 USD
  Expenses:Taxes:Y2021:US:SocSec                   281.54 USD
  Assets:US:Federal:PreTax401k                       0.00 IRAUSD
  Assets:US:Babble:Vacation                             5 VACHR
  Income:US:Babble:Vacation                            -5 VACHR

2021-11-25 * "Babble" "Payroll"
  Assets:US:BofA:Checking                         2550.60 USD
  Income:US:Babble:Salary                        -4615.38 USD
  Income:US:Babble:GroupTermLife                   -24.32 USD
  Expenses:Health:Life:GroupTermLife                24.32 USD
  Expenses:Health:Dental:Insurance                   2.90 USD
  Expenses:Health:Medical:Insurance                 27.38 USD
  Expenses:Health:Vision:Insurance                  42.30 USD
  Expenses:Taxes:Y2021:US:Medicare                 106.62 USD
  Expenses:Taxes:Y2021:US:Federal                 1062.92 USD
  Expenses:Taxes:Y2021:US:State                    365.08 USD
  Expenses:Taxes:Y2021:US:CityNYC                  174.92 USD
  Expenses:Taxes:Y2021:US:SDI                        1.12 USD
  Expenses:Taxes:Y2021:US:SocSec                   281.54 USD
  Assets:US:Federal:PreTax401k                       0.00 IRAUSD
  Assets:US:Babble:Vacation                             5 VACHR
  Income:US:Babble:Vacation                            -5 VACHR

2021-12-09 * "Babble" "Payroll"
  Assets:US:BofA:Checking                         2589.06 USD
  Income:US:Babble:Salary                        -4615.38 USD
  Income:US:Babble:GroupTermLife                   -24.32 USD
  Expenses:Health:Life:GroupTermLife                24.32 USD
  Expenses:Health:Dental:Insurance                   2.90 USD
  Expenses:Health:Medical:Insurance                 27.38 USD
  Expenses:Health:Vision:Insurance                  42.30 USD
  Expenses:Taxes:Y2021:US:Medicare                 106.62 USD
  Expenses:Taxes:Y2021:US:Federal                 1062.92 USD
  Expenses:Taxes:Y2021:US:State                    365.08 USD
  Expenses:Taxes:Y2021:US:CityNYC                  174.92 USD
  Expenses:Taxes:Y2021:US:SDI                        1.12 USD
  Expenses:Taxes:Y2021:US:SocSec                   243.08 USD
  Assets:US:Federal:PreTax401k                       0.00 IRAUSD
  Assets:US:Babble:Vacation                             5 VACHR
  Income:US:Babble:Vacation                            -5 VACHR

2021-12-23 * "Babble" "Payroll"
  Assets:US:BofA:Checking                         2832.14 USD
  Income:US:Babble:Salary                        -4615.38 USD
  Income:US:Babble:GroupTermLife                   -24.32 USD
  Expenses:Health:Life:GroupTermLife                24.32 USD
  Expenses:Health:Dental:Insurance                   2.90 USD
  Expenses:Health:Medical:Insurance                 27.38 USD
  Expenses:Health:Vision:Insurance                  42.30 USD
  Expenses:Taxes:Y2021:US:Medicare                 106.62 USD
  Expenses:Taxes:Y2021:US:Federal                 1062.92 USD
  Expenses:Taxes:Y2021:US:State                    365.08 USD
  Expenses:Taxes:Y2021:US:CityNYC                  174.92 USD
  Expenses:Taxes:Y2021:US:SDI                        1.12 USD
  Expenses:Taxes:Y2021:US:SocSec                     0.00 USD
  Assets:US:Federal:PreTax401k                       0.00 IRAUSD
  Assets:US:Babble:Vacation                             5 VACHR
  Income:US:Babble:Vacation                            -5 VACHR

2022-01-06 * "Babble" "Payroll"
  Assets:US:BofA:Checking                         1350.60 USD
  Assets:US:Vanguard:Cash                         1200.00 USD
  Income:US:Babble:Salary                        -4615.38 USD
  Income:US:Babble:GroupTermLife                   -24.32 USD
  Expenses:Health:Life:GroupTermLife                24.32 USD
  Expenses:Health:Dental:Insurance                   2.90 USD
  Expenses:Health:Medical:Insurance                 27.38 USD
  Expenses:Health:Vision:Insurance                  42.30 USD
  Expenses:Taxes:Y2022:US:Medicare                 106.62 USD
  Expenses:Taxes:Y2022:US:Federal                 1062.92 USD
  Expenses:Taxes:Y2022:US:State                    365.08 USD
  Expenses:Taxes:Y2022:US:CityNYC                  174.92 USD
  Expenses:Taxes:Y2022:US:SDI                        1.12 USD
  Expenses:Taxes:Y2022:US:SocSec                   281.54 USD
  Assets:US:Federal:PreTax401k                   -1200.00 IRAUSD
  Expenses:Taxes:Y2022:US:Federal:PreTax401k      1200.00 IRAUSD
  Assets:US:Babble:Vacation                             5 VACHR
  Income:US:Babble:Vacation                            -5 VACHR

2022-01-20 * "Babble" "Payroll"
  Assets:US:BofA:Checking                         1350.60 USD
  Assets:US:Vanguard:Cash                         1200.00 USD
  Income:US:Babble:Salary                        -4615.38 USD
  Income:US:Babble:GroupTermLife                   -24.32 USD
  Expenses:Health:Life:GroupTermLife                24.32 USD
  Expenses:Health:Dental:Insurance                   2.90 USD
  Expenses:Health:Medical:Insurance                 27.38 USD
  Expenses:Health:Vision:Insurance                  42.30 USD
  Expenses:Taxes:Y2022:US:Medicare                 106.62 USD
  Expenses:Taxes:Y2022:US:Federal                 1062.92 USD
  Expenses:Taxes:Y2022:US:State                    365.08 USD
  Expenses:Taxes:Y2022:US:CityNYC                  174.92 USD
  Expenses:Taxes:Y2022:US:SDI                        1.12 USD
  Expenses:Taxes:Y2022:US:SocSec                   281.54 USD
  Assets:US:Federal:PreTax401k                   -1200.00 IRAUSD
  Expenses:Taxes:Y2022:US:Federal:PreTax401k      1200.00 IRAUSD
  Assets:US:Babble:Vacation                             5 VACHR
  Income:US:Babble:Vacation                            -5 VACHR

2022-02-03 * "Babble" "Payroll"
  Assets:US:BofA:Checking                         1350.60 USD
  Assets:US:Vanguard:Cash                         1200.00 USD
  Income:US:Babble:Salary                        -4615.38 USD
  Income:US:Babble:GroupTermLife                   -24.32 USD
  Expenses:Health:Life:GroupTermLife                24.32 USD
  Expenses:Health:Dental:Insurance                   2.90 USD
  Expenses:Health:Medical:Insurance                 27.38 USD
  Expenses:Health:Vision:Insurance                  42.30 USD
  Expenses:Taxes:Y2022:US:Medicare                 106.62 USD
  Expenses:Taxes:Y2022:US:Federal                 1062.92 USD
  Expenses:Taxes:Y2022:US:State                    365.08 USD
  Expenses:Taxes:Y2022:US:CityNYC                  174.92 USD
  Expenses:Taxes:Y2022:US:SDI                        1.12 USD
  Expenses:Taxes:Y2022:US:SocSec                   281.54 USD
  Assets:US:Federal:PreTax401k                   -1200.00 IRAUSD
  Expenses:Taxes:Y2022:US:Federal:PreTax401k      1200.00 IRAUSD
  Assets:US:Babble:Vacation                             5 VACHR
  Income:US:Babble:Vacation                            -5 VACHR

2022-02-17 * "Babble" "Payroll"
  Assets:US:BofA:Checking                         1350.60 USD
  Assets:US:Vanguard:Cash                         1200.00 USD
  Income:US:Babble:Salary                        -4615.38 USD
  Income:US:Babble:GroupTermLife                   -24.32 USD
  Expenses:Health:Life:GroupTermLife                24.32 USD
  Expenses:Health:Dental:Insurance                   2.90 USD
  Expenses:Health:Medical:Insurance                 27.38 USD
  Expenses:Health:Vision:Insurance                  42.30 USD
  Expenses:Taxes:Y2022:US:Medicare                 106.62 USD
  Expenses:Taxes:Y2022:US:Federal                 1062.92 USD
  Expenses:Taxes:Y2022:US:State                    365.08 USD
  Expenses:Taxes:Y2022:US:CityNYC                  174.92 USD
  Expenses:Taxes:Y2022:US:SDI                        1.12 USD
  Expenses:Taxes:Y2022:US:SocSec                   281.54 USD
  Assets:US:Federal:PreTax401k                   -1200.00 IRAUSD
  Expenses:Taxes:Y2022:US:Federal:PreTax401k      1200.00 IRAUSD
  Assets:US:Babble:Vacation                             5 VACHR
  Income:US:Babble:Vacation                            -5 VACHR

2022-03-03 * "Babble" "Payroll"
  Assets:US:BofA:Checking                         1350.60 USD
  Assets:US:Vanguard:Cash                         1200.00 USD
  Income:US:Babble:Salary                        -4615.38 USD
  Income:US:Babble:GroupTermLife                   -24.32 USD
  Expenses:Health:Life:GroupTermLife                24.32 USD
  Expenses:Health:Dental:Insurance                   2.90 USD
  Expenses:Health:Medical:Insurance                 27.38 USD
  Expenses:Health:Vision:Insurance                  42.30 USD
  Expenses:Taxes:Y2022:US:Medicare                 106.62 USD
  Expenses:Taxes:Y2022:US:Federal                 1062.92 USD
  Expenses:Taxes:Y2022:US:State                    365.08 USD
  Expenses:Taxes:Y2022:US:CityNYC                  174.92 USD
  Expenses:Taxes:Y2022:US:SDI                        1.12 USD
  Expenses:Taxes:Y2022:US:SocSec                   281.54 USD
  Assets:US:Federal:PreTax401k                   -1200.00 IRAUSD
  Expenses:Taxes:Y2022:US:Federal:PreTax401k      1200.00 IRAUSD
  Assets:US:Babble:Vacation                             5 VACHR
  Income:US:Babble:Vacation                            -5 VACHR

2022-03-17 * "Babble" "Payroll"
  Assets:US:BofA:Checking                         1350.60 USD
  Assets:US:Vanguard:Cash                         1200.00 USD
  Income:US:Babble:Salary                        -4615.38 USD
  Income:US:Babble:GroupTermLife                   -24.32 USD
  Expenses:Health:Life:GroupTermLife                24.32 USD
  Expenses:Health:Dental:Insurance                   2.90 USD
  Expenses:Health:Medical:Insurance                 27.38 USD
  Expenses:Health:Vision:Insurance                  42.30 USD
  Expenses:Taxes:Y2022:US:Medicare                 106.62 USD
  Expenses:Taxes:Y2022:US:Federal                 1062.92 USD
  Expenses:Taxes:Y2022:US:State                    365.08 USD
  Expenses:Taxes:Y2022:US:CityNYC                  174.92 USD
  Expenses:Taxes:Y2022:US:SDI                        1.12 USD
  Expenses:Taxes:Y2022:US:SocSec                   281.54 USD
  Assets:US:Federal:PreTax401k                   -1200.00 IRAUSD
  Expenses:Taxes:Y2022:US:Federal:PreTax401k      1200.00 IRAUSD
  Assets:US:Babble:Vacation                             5 VACHR
  Income:US:Babble:Vacation                            -5 VACHR

2022-03-31 * "Babble" "Payroll"
  Assets:US:BofA:Checking                         1350.60 USD
  Assets:US:Vanguard:Cash                         1200.00 USD
  Income:US:Babble:Salary                        -4615.38 USD
  Income:US:Babble:GroupTermLife                   -24.32 USD
  Expenses:Health:Life:GroupTermLife                24.32 USD
  Expenses:Health:Dental:Insurance                   2.90 USD
  Expenses:Health:Medical:Insurance                 27.38 USD
  Expenses:Health:Vision:Insurance                  42.30 USD
  Expenses:Taxes:Y2022:US:Medicare                 106.62 USD
  Expenses:Taxes:Y2022:US:Federal                 1062.92 USD
  Expenses:Taxes:Y2022:US:State                    365.08 USD
  Expenses:Taxes:Y2022:US:CityNYC                  174.92 USD
  Expenses:Taxes:Y2022:US:SDI                        1.12 USD
  Expenses:Taxes:Y2022:US:SocSec                   281.54 USD
  Assets:US:Federal:PreTax401k                   -1200.00 IRAUSD
  Expenses:Taxes:Y2022:US:Federal:PreTax401k      1200.00 IRAUSD
  Assets:US:Babble:Vacation                             5 VACHR
  Income:US:Babble:Vacation                            -5 VACHR

2022-04-14 * "Babble" "Payroll"
  Assets:US:BofA:Checking                         1350.60 USD
  Assets:US:Vanguard:Cash                         1200.00 USD
  Income:US:Babble:Salary                        -4615.38 USD
  Income:US:Babble:GroupTermLife                   -24.32 USD
  Expenses:Health:Life:GroupTermLife                24.32 USD
  Expenses:Health:Dental:Insurance                   2.90 USD
  Expenses:Health:Medical:Insurance                 27.38 USD
  Expenses:Health:Vision:Insurance                  42.30 USD
  Expenses:Taxes:Y2022:US:Medicare                 106.62 USD
  Expenses:Taxes:Y2022:US:Federal                 1062.92 USD
  Expenses:Taxes:Y2022:US:State                    365.08 USD
  Expenses:Taxes:Y2022:US:CityNYC                  174.92 USD
  Expenses:Taxes:Y2022:US:SDI                        1.12 USD
  Expenses:Taxes:Y2022:US:SocSec                   281.54 USD
  Assets:US:Federal:PreTax401k                   -1200.00 IRAUSD
  Expenses:Taxes:Y2022:US:Federal:PreTax401k      1200.00 IRAUSD
  Assets:US:Babble:Vacation                             5 VACHR
  Income:US:Babble:Vacation                            -5 VACHR

2022-04-28 * "Babble" "Payroll"
  Assets:US:BofA:Checking                         1350.60 USD
  Assets:US:Vanguard:Cash                         1200.00 USD
  Income:US:Babble:Salary                        -4615.38 USD
  Income:US:Babble:GroupTermLife                   -24.32 USD
  Expenses:Health:Life:GroupTermLife                24.32 USD
  Expenses:Health:Dental:Insurance                   2.90 USD
  Expenses:Health:Medical:Insurance                 27.38 USD
  Expenses:Health:Vision:Insurance                  42.30 USD
  Expenses:Taxes:Y2022:US:Medicare                 106.62 USD
  Expenses:Taxes:Y2022:US:Federal                 1062.92 USD
  Expenses:Taxes:Y2022:US:State                    365.08 USD
  Expenses:Taxes:Y2022:US:CityNYC                  174.92 USD
  Expenses:Taxes:Y2022:US:SDI                        1.12 USD
  Expenses:Taxes:Y2022:US:SocSec                   281.54 USD
  Assets:US:Federal:PreTax401k                   -1200.00 IRAUSD
  Expenses:Taxes:Y2022:US:Federal:PreTax401k      1200.00 IRAUSD
  Assets:US:Babble:Vacation                             5 VACHR
  Income:US:Babble:Vacation                            -5 VACHR

2022-05-12 * "Babble" "Payroll"
  Assets:US:BofA:Checking                         1350.60 USD
  Assets:US:Vanguard:Cash                         1200.00 USD
  Income:US:Babble:Salary                        -4615.38 USD
  Income:US:Babble:GroupTermLife                   -24.32 USD
  Expenses:Health:Life:GroupTermLife                24.32 USD
  Expenses:Health:Dental:Insurance                   2.90 USD
  Expenses:Health:Medical:Insurance                 27.38 USD
  Expenses:Health:Vision:Insurance                  42.30 USD
  Expenses:Taxes:Y2022:US:Medicare                 106.62 USD
  Expenses:Taxes:Y2022:US:Federal                 1062.92 USD
  Expenses:Taxes:Y2022:US:State                    365.08 USD
  Expenses:Taxes:Y2022:US:CityNYC                  174.92 USD
  Expenses:Taxes:Y2022:US:SDI                        1.12 USD
  Expenses:Taxes:Y2022:US:SocSec                   281.54 USD
  Assets:US:Federal:PreTax401k                   -1200.00 IRAUSD
  Expenses:Taxes:Y2022:US:Federal:PreTax401k      1200.00 IRAUSD
  Assets:US:Babble:Vacation                             5 VACHR
  Income:US:Babble:Vacation                            -5 VACHR

2022-05-26 * "Babble" "Payroll"
  Assets:US:BofA:Checking                         1350.60 USD
  Assets:US:Vanguard:Cash                         1200.00 USD
  Income:US:Babble:Salary                        -4615.38 USD
  Income:US:Babble:GroupTermLife                   -24.32 USD
  Expenses:Health:Life:GroupTermLife                24.32 USD
  Expenses:Health:Dental:Insurance                   2.90 USD
  Expenses:Health:Medical:Insurance                 27.38 USD
  Expenses:Health:Vision:Insurance                  42.30 USD
  Expenses:Taxes:Y2022:US:Medicare                 106.62 USD
  Expenses:Taxes:Y2022:US:Federal                 1062.92 USD
  Expenses:Taxes:Y2022:US:State                    365.08 USD
  Expenses:Taxes:Y2022:US:CityNYC                  174.92 USD
  Expenses:Taxes:Y2022:US:SDI                        1.12 USD
  Expenses:Taxes:Y2022:US:SocSec                   281.54 USD
  Assets:US:Federal:PreTax401k                   -1200.00 IRAUSD
  Expenses:Taxes:Y2022:US:Federal:PreTax401k      1200.00 IRAUSD
  Assets:US:Babble:Vacation                             5 VACHR
  Income:US:Babble:Vacation                            -5 VACHR

2022-06-09 * "Babble" "Payroll"
  Assets:US:BofA:Checking                         1350.60 USD
  Assets:US:Vanguard:Cash                         1200.00 USD
  Income:US:Babble:Salary                        -4615.38 USD
  Income:US:Babble:GroupTermLife                   -24.32 USD
  Expenses:Health:Life:GroupTermLife                24.32 USD
  Expenses:Health:Dental:Insurance                   2.90 USD
  Expenses:Health:Medical:Insurance                 27.38 USD
  Expenses:Health:Vision:Insurance                  42.30 USD
  Expenses:Taxes:Y2022:US:Medicare                 106.62 USD
  Expenses:Taxes:Y2022:US:Federal                 1062.92 USD
  Expenses:Taxes:Y2022:US:State                    365.08 USD
  Expenses:Taxes:Y2022:US:CityNYC                  174.92 USD
  Expenses:Taxes:Y2022:US:SDI                        1.12 USD
  Expenses:Taxes:Y2022:US:SocSec                   281.54 USD
  Assets:US:Federal:PreTax401k                   -1200.00 IRAUSD
  Expenses:Taxes:Y2022:US:Federal:PreTax401k      1200.00 IRAUSD
  Assets:US:Babble:Vacation                             5 VACHR
  Income:US:Babble:Vacation                            -5 VACHR

2022-06-23 * "Babble" "Payroll"
  Assets:US:BofA:Checking                         1350.60 USD
  Assets:US:Vanguard:Cash                         1200.00 USD
  Income:US:Babble:Salary                        -4615.38 USD
  Income:US:Babble:GroupTermLife                   -24.32 USD
  Expenses:Health:Life:GroupTermLife                24.32 USD
  Expenses:Health:Dental:Insurance                   2.90 USD
  Expenses:Health:Medical:Insurance                 27.38 USD
  Expenses:Health:Vision:Insurance                  42.30 USD
  Expenses:Taxes:Y2022:US:Medicare                 106.62 USD
  Expenses:Taxes:Y2022:US:Federal                 1062.92 USD
  Expenses:Taxes:Y2022:US:State                    365.08 USD
  Expenses:Taxes:Y2022:US:CityNYC                  174.92 USD
  Expenses:Taxes:Y2022:US:SDI                        1.12 USD
  Expenses:Taxes:Y2022:US:SocSec                   281.54 USD
  Assets:US:Federal:PreTax401k                   -1200.00 IRAUSD
  Expenses:Taxes:Y2022:US:Federal:PreTax401k      1200.00 IRAUSD
  Assets:US:Babble:Vacation                             5 VACHR
  Income:US:Babble:Vacation                            -5 VACHR

2022-07-07 * "Babble" "Payroll"
  Assets:US:BofA:Checking                         1350.60 USD
  Assets:US:Vanguard:Cash                         1200.00 USD
  Income:US:Babble:Salary                        -4615.38 USD
  Income:US:Babble:GroupTermLife                   -24.32 USD
  Expenses:Health:Life:GroupTermLife                24.32 USD
  Expenses:Health:Dental:Insurance                   2.90 USD
  Expenses:Health:Medical:Insurance                 27.38 USD
  Expenses:Health:Vision:Insurance                  42.30 USD
  Expenses:Taxes:Y2022:US:Medicare                 106.62 USD
  Expenses:Taxes:Y2022:US:Federal                 1062.92 USD
  Expenses:Taxes:Y2022:US:State                    365.08 USD
  Expenses:Taxes:Y2022:US:CityNYC                  174.92 USD
  Expenses:Taxes:Y2022:US:SDI                        1.12 USD
  Expenses:Taxes:Y2022:US:SocSec                   281.54 USD
  Assets:US:Federal:PreTax401k                   -1200.00 IRAUSD
  Expenses:Taxes:Y2022:US:Federal:PreTax401k      1200.00 IRAUSD
  Assets:US:Babble:Vacation                             5 VACHR
  Income:US:Babble:Vacation                            -5 VACHR

2022-07-21 * "Babble" "Payroll"
  Assets:US:BofA:Checking                         1350.60 USD
  Assets:US:Vanguard:Cash                         1200.00 USD
  Income:US:Babble:Salary                        -4615.38 USD
  Income:US:Babble:GroupTermLife                   -24.32 USD
  Expenses:Health:Life:GroupTermLife                24.32 USD
  Expenses:Health:Dental:Insurance                   2.90 USD
  Expenses:Health:Medical:Insurance                 27.38 USD
  Expenses:Health:Vision:Insurance                  42.30 USD
  Expenses:Taxes:Y2022:US:Medicare                 106.62 USD
  Expenses:Taxes:Y2022:US:Federal                 1062.92 USD
  Expenses:Taxes:Y2022:US:State                    365.08 USD
  Expenses:Taxes:Y2022:US:CityNYC                  174.92 USD
  Expenses:Taxes:Y2022:US:SDI                        1.12 USD
  Expenses:Taxes:Y2022:US:SocSec                   281.54 USD
  Assets:US:Federal:PreTax401k                   -1200.00 IRAUSD
  Expenses:Taxes:Y2022:US:Federal:PreTax401k      1200.00 IRAUSD
  Assets:US:Babble:Vacation                             5 VACHR
  Income:US:Babble:Vacation                            -5 VACHR

2022-08-04 * "Babble" "Payroll"
  Assets:US:BofA:Checking                         2050.60 USD
  Assets:US:Vanguard:Cash                          500.00 USD
  Income:US:Babble:Salary                        -4615.38 USD
  Income:US:Babble:GroupTermLife                   -24.32 USD
  Expenses:Health:Life:GroupTermLife                24.32 USD
  Expenses:Health:Dental:Insurance                   2.90 USD
  Expenses:Health:Medical:Insurance                 27.38 USD
  Expenses:Health:Vision:Insurance                  42.30 USD
  Expenses:Taxes:Y2022:US:Medicare                 106.62 USD
  Expenses:Taxes:Y2022:US:Federal                 1062.92 USD
  Expenses:Taxes:Y2022:US:State                    365.08 USD
  Expenses:Taxes:Y2022:US:CityNYC                  174.92 USD
  Expenses:Taxes:Y2022:US:SDI                        1.12 USD
  Expenses:Taxes:Y2022:US:SocSec                   281.54 USD
  Assets:US:Federal:PreTax401k                    -500.00 IRAUSD
  Expenses:Taxes:Y2022:US:Federal:PreTax401k       500.00 IRAUSD
  Assets:US:Babble:Vacation                             5 VACHR
  Income:US:Babble:Vacation                            -5 VACHR

2022-08-18 * "Babble" "Payroll"
  Assets:US:BofA:Checking                         2550.60 USD
  Income:US:Babble:Salary                        -4615.38 USD
  Income:US:Babble:GroupTermLife                   -24.32 USD
  Expenses:Health:Life:GroupTermLife                24.32 USD
  Expenses:Health:Dental:Insurance                   2.90 USD
  Expenses:Health:Medical:Insurance                 27.38 USD
  Expenses:Health:Vision:Insurance                  42.30 USD
  Expenses:Taxes:Y2022:US:Medicare                 106.62 USD
  Expenses:Taxes:Y2022:US:Federal                 1062.92 USD
  Expenses:Taxes:Y2022:US:State                    365.08 USD
  Expenses:Taxes:Y2022:US:CityNYC                  174.92 USD
  Expenses:Taxes:Y2022:US:SDI                        1.12 USD
  Expenses:Taxes:Y2022:US:SocSec                   281.54 USD
  Assets:US:Federal:PreTax401k                       0.00 IRAUSD
  Assets:US:Babble:Vacation                             5 VACHR
  Income:US:Babble:Vacation                            -5 VACHR

2022-09-01 * "Babble" "Payroll"
  Assets:US:BofA:Checking                         2550.60 USD
  Income:US:Babble:Salary                        -4615.38 USD
  Income:US:Babble:GroupTermLife                   -24.32 USD
  Expenses:Health:Life:GroupTermLife                24.32 USD
  Expenses:Health:Dental:Insurance                   2.90 USD
  Expenses:Health:Medical:Insurance                 27.38 USD
  Expenses:Health:Vision:Insurance                  42.30 USD
  Expenses:Taxes:Y2022:US:Medicare                 106.62 USD
  Expenses:Taxes:Y2022:US:Federal                 1062.92 USD
  Expenses:Taxes:Y2022:US:State                    365.08 USD
  Expenses:Taxes:Y2022:US:CityNYC                  174.92 USD
  Expenses:Taxes:Y2022:US:SDI                        1.12 USD
  Expenses:Taxes:Y2022:US:SocSec                   281.54 USD
  Assets:US:Federal:PreTax401k                       0.00 IRAUSD
  Assets:US:Babble:Vacation                             5 VACHR
  Income:US:Babble:Vacation                            -5 VACHR

2022-09-15 * "Babble" "Payroll"
  Assets:US:BofA:Checking                         2550.60 USD
  Income:US:Babble:Salary                        -4615.38 USD
  Income:US:Babble:GroupTermLife                   -24.32 USD
  Expenses:Health:Life:GroupTermLife                24.32 USD
  Expenses:Health:Dental:Insurance                   2.90 USD
  Expenses:Health:Medical:Insurance                 27.38 USD
  Expenses:Health:Vision:Insurance                  42.30 USD
  Expenses:Taxes:Y2022:US:Medicare                 106.62 USD
  Expenses:Taxes:Y2022:US:Federal                 1062.92 USD
  Expenses:Taxes:Y2022:US:State                    365.08 USD
  Expenses:Taxes:Y2022:US:CityNYC                  174.92 USD
  Expenses:Taxes:Y2022:US:SDI                        1.12 USD
  Expenses:Taxes:Y2022:US:SocSec                   281.54 USD
  Assets:US:Federal:PreTax401k                       0.00 IRAUSD
  Assets:US:Babble:Vacation                             5 VACHR
  Income:US:Babble:Vacation                            -5 VACHR

2022-09-29 * "Babble" "Payroll"
  Assets:US:BofA:Checking                         2550.60 USD
  Income:US:Babble:Salary                        -4615.38 USD
  Income:US:Babble:GroupTermLife                   -24.32 USD
  Expenses:Health:Life:GroupTermLife                24.32 USD
  Expenses:Health:Dental:Insurance                   2.90 USD
  Expenses:Health:Medical:Insurance                 27.38 USD
  Expenses:Health:Vision:Insurance                  42.30 USD
  Expenses:Taxes:Y2022:US:Medicare                 106.62 USD
  Expenses:Taxes:Y2022:US:Federal                 1062.92 USD
  Expenses:Taxes:Y2022:US:State                    365.08 USD
  Expenses:Taxes:Y2022:US:CityNYC                  174.92 USD
  Expenses:Taxes:Y2022:US:SDI                        1.12 USD
  Expenses:Taxes:Y2022:US:SocSec                   281.54 USD
  Assets:US:Federal:PreTax401k                       0.00 IRAUSD
  Assets:US:Babble:Vacation                             5 VACHR
  Income:US:Babble:Vacation                            -5 VACHR

2022-10-13 * "Babble" "Payroll"
  Assets:US:BofA:Checking                         2550.60 USD
  Income:US:Babble:Salary                        -4615.38 USD
  Income:US:Babble:GroupTermLife                   -24.32 USD
  Expenses:Health:Life:GroupTermLife                24.32 USD
  Expenses:Health:Dental:Insurance                   2.90 USD
  Expenses:Health:Medical:Insurance                 27.38 USD
  Expenses:Health:Vision:Insurance                  42.30 USD
  Expenses:Taxes:Y2022:US:Medicare                 106.62 USD
  Expenses:Taxes:Y2022:US:Federal                 1062.92 USD
  Expenses:Taxes:Y2022:US:State                    365.08 USD
  Expenses:Taxes:Y2022:US:CityNYC                  174.92 USD
  Expenses:Taxes:Y2022:US:SDI                        1.12 USD
  Expenses:Taxes:Y2022:US:SocSec                   281.54 USD
  Assets:US:Federal:PreTax401k                       0.00 IRAUSD
  Assets:US:Babble:Vacation                             5 VACHR
  Income:US:Babble:Vacation                            -5 VACHR

2022-10-27 * "Babble" "Payroll"
  Assets:US:BofA:Checking                         2550.60 USD
  Income:US:Babble:Salary                        -4615.38 USD
  Income:US:Babble:GroupTermLife                   -24.32 USD
  Expenses:Health:Life:GroupTermLife                24.32 USD
  Expenses:Health:Dental:Insurance                   2.90 USD
  Expenses:Health:Medical:Insurance                 27.38 USD
  Expenses:Health:Vision:Insurance                  42.30 USD
  Expenses:Taxes:Y2022:US:Medicare                 106.62 USD
  Expenses:Taxes:Y2022:US:Federal                 1062.92 USD
  Expenses:Taxes:Y2022:US:State                    365.08 USD
  Expenses:Taxes:Y2022:US:CityNYC                  174.92 USD
  Expenses:Taxes:Y2022:US:SDI                        1.12 USD
  Expenses:Taxes:Y2022:US:SocSec                   281.54 USD
  Assets:US:Federal:PreTax401k                       0.00 IRAUSD
  Assets:US:Babble:Vacation                             5 VACHR
  Income:US:Babble:Vacation                            -5 VACHR

2022-11-10 * "Babble" "Payroll"
  Assets:US:BofA:Checking                         2550.60 USD
  Income:US:Babble:Salary                        -4615.38 USD
  Income:US:Babble:GroupTermLife                   -24.32 USD
  Expenses:Health:Life:GroupTermLife                24.32 USD
  Expenses:Health:Dental:Insurance                   2.90 USD
  Expenses:Health:Medical:Insurance                 27.38 USD
  Expenses:Health:Vision:Insurance                  42.30 USD
  Expenses:Taxes:Y2022:US:Medicare                 106.62 USD
  Expenses:Taxes:Y2022:US:Federal                 1062.92 USD
  Expenses:Taxes:Y2022:US:State                    365.08 USD
  Expenses:Taxes:Y2022:US:CityNYC                  174.92 USD
  Expenses:Taxes:Y2022:US:SDI                        1.12 USD
  Expenses:Taxes:Y2022:US:SocSec                   281.54 USD
  Assets:US:Federal:PreTax401k                       0.00 IRAUSD
  Assets:US:Babble:Vacation                             5 VACHR
  Income:US:Babble:Vacation                            -5 VACHR

2022-11-24 * "Babble" "Payroll"
  Assets:US:BofA:Checking                         2550.60 USD
  Income:US:Babble:Salary                        -4615.38 USD
  Income:US:Babble:GroupTermLife                   -24.32 USD
  Expenses:Health:Life:GroupTermLife                24.32 USD
  Expenses:Health:Dental:Insurance                   2.90 USD
  Expenses:Health:Medical:Insurance                 27.38 USD
  Expenses:Health:Vision:Insurance                  42.30 USD
  Expenses:Taxes:Y2022:US:Medicare                 106.62 USD
  Expenses:Taxes:Y2022:US:Federal                 1062.92 USD
  Expenses:Taxes:Y2022:US:State                    365.08 USD
  Expenses:Taxes:Y2022:US:CityNYC                  174.92 USD
  Expenses:Taxes:Y2022:US:SDI                        1.12 USD
  Expenses:Taxes:Y2022:US:SocSec                   281.54 USD
  Assets:US:Federal:PreTax401k                       0.00 IRAUSD
  Assets:US:Babble:Vacation                             5 VACHR
  Income:US:Babble:Vacation                            -5 VACHR

2022-12-08 * "Babble" "Payroll"
  Assets:US:BofA:Checking                         2589.06 USD
  Income:US:Babble:Salary                        -4615.38 USD
  Income:US:Babble:GroupTermLife                   -24.32 USD
  Expenses:Health:Life:GroupTermLife                24.32 USD
  Expenses:Health:Dental:Insurance                   2.90 USD
  Expenses:Health:Medical:Insurance                 27.38 USD
  Expenses:Health:Vision:Insurance                  42.30 USD
  Expenses:Taxes:Y2022:US:Medicare                 106.62 USD
  Expenses:Taxes:Y2022:US:Federal                 1062.92 USD
  Expenses:Taxes:Y2022:US:State                    365.08 USD
  Expenses:Taxes:Y2022:US:CityNYC                  174.92 USD
  Expenses:Taxes:Y2022:US:SDI                        1.12 USD
  Expenses:Taxes:Y2022:US:SocSec                   243.08 USD
  Assets:US:Federal:PreTax401k                       0.00 IRAUSD
  Assets:US:Babble:Vacation                             5 VACHR
  Income:US:Babble:Vacation                            -5 VACHR

2022-12-22 * "Babble" "Payroll"
  Assets:US:BofA:Checking                         2832.14 USD
  Income:US:Babble:Salary                        -4615.38 USD
  Income:US:Babble:GroupTermLife                   -24.32 USD
  Expenses:Health:Life:GroupTermLife                24.32 USD
  Expenses:Health:Dental:Insurance                   2.90 USD
  Expenses:Health:Medical:Insurance                 27.38 USD
  Expenses:Health:Vision:Insurance                  42.30 USD
  Expenses:Taxes:Y2022:US:Medicare                 106.62 USD
  Expenses:Taxes:Y2022:US:Federal                 1062.92 USD
  Expenses:Taxes:Y2022:US:State                    365.08 USD
  Expenses:Taxes:Y2022:US:CityNYC                  174.92 USD
  Expenses:Taxes:Y2022:US:SDI                        1.12 USD
  Expenses:Taxes:Y2022:US:SocSec                     0.00 USD
  Assets:US:Federal:PreTax401k                       0.00 IRAUSD
  Assets:US:Babble:Vacation                             5 VACHR
  Income:US:Babble:Vacation                            -5 VACHR

2023-01-05 * "Babble" "Payroll"
  Assets:US:BofA:Checking                         1350.60 USD
  Assets:US:Vanguard:Cash                         1200.00 USD
  Income:US:Babble:Salary                        -4615.38 USD
  Income:US:Babble:GroupTermLife                   -24.32 USD
  Expenses:Health:Life:GroupTermLife                24.32 USD
  Expenses:Health:Dental:Insurance                   2.90 USD
  Expenses:Health:Medical:Insurance                 27.38 USD
  Expenses:Health:Vision:Insurance                  42.30 USD
  Expenses:Taxes:Y2023:US:Medicare                 106.62 USD
  Expenses:Taxes:Y2023:US:Federal                 1062.92 USD
  Expenses:Taxes:Y2023:US:State                    365.08 USD
  Expenses:Taxes:Y2023:US:CityNYC                  174.92 USD
  Expenses:Taxes:Y2023:US:SDI                        1.12 USD
  Expenses:Taxes:Y2023:US:SocSec                   281.54 USD
  Assets:US:Federal:PreTax401k                   -1200.00 IRAUSD
  Expenses:Taxes:Y2023:US:Federal:PreTax401k      1200.00 IRAUSD
  Assets:US:Babble:Vacation                             5 VACHR
  Income:US:Babble:Vacation                            -5 VACHR

2023-01-19 * "Babble" "Payroll"
  Assets:US:BofA:Checking                         1350.60 USD
  Assets:US:Vanguard:Cash                         1200.00 USD
  Income:US:Babble:Salary                        -4615.38 USD
  Income:US:Babble:GroupTermLife                   -24.32 USD
  Expenses:Health:Life:GroupTermLife                24.32 USD
  Expenses:Health:Dental:Insurance                   2.90 USD
  Expenses:Health:Medical:Insurance                 27.38 USD
  Expenses:Health:Vision:Insurance                  42.30 USD
  Expenses:Taxes:Y2023:US:Medicare                 106.62 USD
  Expenses:Taxes:Y2023:US:Federal                 1062.92 USD
  Expenses:Taxes:Y2023:US:State                    365.08 USD
  Expenses:Taxes:Y2023:US:CityNYC                  174.92 USD
  Expenses:Taxes:Y2023:US:SDI                        1.12 USD
  Expenses:Taxes:Y2023:US:SocSec                   281.54 USD
  Assets:US:Federal:PreTax401k                   -1200.00 IRAUSD
  Expenses:Taxes:Y2023:US:Federal:PreTax401k      1200.00 IRAUSD
  Assets:US:Babble:Vacation                             5 VACHR
  Income:US:Babble:Vacation                            -5 VACHR

2023-02-02 * "Babble" "Payroll"
  Assets:US:BofA:Checking                         1350.60 USD
  Assets:US:Vanguard:Cash                         1200.00 USD
  Income:US:Babble:Salary                        -4615.38 USD
  Income:US:Babble:GroupTermLife                   -24.32 USD
  Expenses:Health:Life:GroupTermLife                24.32 USD
  Expenses:Health:Dental:Insurance                   2.90 USD
  Expenses:Health:Medical:Insurance                 27.38 USD
  Expenses:Health:Vision:Insurance                  42.30 USD
  Expenses:Taxes:Y2023:US:Medicare                 106.62 USD
  Expenses:Taxes:Y2023:US:Federal                 1062.92 USD
  Expenses:Taxes:Y2023:US:State                    365.08 USD
  Expenses:Taxes:Y2023:US:CityNYC                  174.92 USD
  Expenses:Taxes:Y2023:US:SDI                        1.12 USD
  Expenses:Taxes:Y2023:US:SocSec                   281.54 USD
  Assets:US:Federal:PreTax401k                   -1200.00 IRAUSD
  Expenses:Taxes:Y2023:US:Federal:PreTax401k      1200.00 IRAUSD
  Assets:US:Babble:Vacation                             5 VACHR
  Income:US:Babble:Vacation                            -5 VACHR

2023-02-16 * "Babble" "Payroll"
  Assets:US:BofA:Checking                         1350.60 USD
  Assets:US:Vanguard:Cash                         1200.00 USD
  Income:US:Babble:Salary                        -4615.38 USD
  Income:US:Babble:GroupTermLife                   -24.32 USD
  Expenses:Health:Life:GroupTermLife                24.32 USD
  Expenses:Health:Dental:Insurance                   2.90 USD
  Expenses:Health:Medical:Insurance                 27.38 USD
  Expenses:Health:Vision:Insurance                  42.30 USD
  Expenses:Taxes:Y2023:US:Medicare                 106.62 USD
  Expenses:Taxes:Y2023:US:Federal                 1062.92 USD
  Expenses:Taxes:Y2023:US:State                    365.08 USD
  Expenses:Taxes:Y2023:US:CityNYC                  174.92 USD
  Expenses:Taxes:Y2023:US:SDI                        1.12 USD
  Expenses:Taxes:Y2023:US:SocSec                   281.54 USD
  Assets:US:Federal:PreTax401k                   -1200.00 IRAUSD
  Expenses:Taxes:Y2023:US:Federal:PreTax401k      1200.00 IRAUSD
  Assets:US:Babble:Vacation                             5 VACHR
  Income:US:Babble:Vacation                            -5 VACHR

2023-03-02 * "Babble" "Payroll"
  Assets:US:BofA:Checking                         1350.60 USD
  Assets:US:Vanguard:Cash                         1200.00 USD
  Income:US:Babble:Salary                        -4615.38 USD
  Income:US:Babble:GroupTermLife                   -24.32 USD
  Expenses:Health:Life:GroupTermLife                24.32 USD
  Expenses:Health:Dental:Insurance                   2.90 USD
  Expenses:Health:Medical:Insurance                 27.38 USD
  Expenses:Health:Vision:Insurance                  42.30 USD
  Expenses:Taxes:Y2023:US:Medicare                 106.62 USD
  Expenses:Taxes:Y2023:US:Federal                 1062.92 USD
  Expenses:Taxes:Y2023:US:State                    365.08 USD
  Expenses:Taxes:Y2023:US:CityNYC                  174.92 USD
  Expenses:Taxes:Y2023:US:SDI                        1.12 USD
  Expenses:Taxes:Y2023:US:SocSec                   281.54 USD
  Assets:US:Federal:PreTax401k                   -1200.00 IRAUSD
  Expenses:Taxes:Y2023:US:Federal:PreTax401k      1200.00 IRAUSD
  Assets:US:Babble:Vacation                             5 VACHR
  Income:US:Babble:Vacation                            -5 VACHR

2023-03-16 * "Babble" "Payroll"
  Assets:US:BofA:Checking                         1350.60 USD
  Assets:US:Vanguard:Cash                         1200.00 USD
  Income:US:Babble:Salary                        -4615.38 USD
  Income:US:Babble:GroupTermLife                   -24.32 USD
  Expenses:Health:Life:GroupTermLife                24.32 USD
  Expenses:Health:Dental:Insurance                   2.90 USD
  Expenses:Health:Medical:Insurance                 27.38 USD
  Expenses:Health:Vision:Insurance                  42.30 USD
  Expenses:Taxes:Y2023:US:Medicare                 106.62 USD
  Expenses:Taxes:Y2023:US:Federal                 1062.92 USD
  Expenses:Taxes:Y2023:US:State                    365.08 USD
  Expenses:Taxes:Y2023:US:CityNYC                  174.92 USD
  Expenses:Taxes:Y2023:US:SDI                        1.12 USD
  Expenses:Taxes:Y2023:US:SocSec                   281.54 USD
  Assets:US:Federal:PreTax401k                   -1200.00 IRAUSD
  Expenses:Taxes:Y2023:US:Federal:PreTax401k      1200.00 IRAUSD
  Assets:US:Babble:Vacation                             5 VACHR
  Income:US:Babble:Vacation                            -5 VACHR

2023-03-30 * "Babble" "Payroll"
  Assets:US:BofA:Checking                         1350.60 USD
  Assets:US:Vanguard:Cash                         1200.00 USD
  Income:US:Babble:Salary                        -4615.38 USD
  Income:US:Babble:GroupTermLife                   -24.32 USD
  Expenses:Health:Life:GroupTermLife                24.32 USD
  Expenses:Health:Dental:Insurance                   2.90 USD
  Expenses:Health:Medical:Insurance                 27.38 USD
  Expenses:Health:Vision:Insurance                  42.30 USD
  Expenses:Taxes:Y2023:US:Medicare                 106.62 USD
  Expenses:Taxes:Y2023:US:Federal                 1062.92 USD
  Expenses:Taxes:Y2023:US:State                    365.08 USD
  Expenses:Taxes:Y2023:US:CityNYC                  174.92 USD
  Expenses:Taxes:Y2023:US:SDI                        1.12 USD
  Expenses:Taxes:Y2023:US:SocSec                   281.54 USD
  Assets:US:Federal:PreTax401k                   -1200.00 IRAUSD
  Expenses:Taxes:Y2023:US:Federal:PreTax401k      1200.00 IRAUSD
  Assets:US:Babble:Vacation                             5 VACHR
  Income:US:Babble:Vacation                            -5 VACHR

2023-04-13 * "Babble" "Payroll"
  Assets:US:BofA:Checking                         1350.60 USD
  Assets:US:Vanguard:Cash                         1200.00 USD
  Income:US:Babble:Salary                        -4615.38 USD
  Income:US:Babble:GroupTermLife                   -24.32 USD
  Expenses:Health:Life:GroupTermLife                24.32 USD
  Expenses:Health:Dental:Insurance                   2.90 USD
  Expenses:Health:Medical:Insurance                 27.38 USD
  Expenses:Health:Vision:Insurance                  42.30 USD
  Expenses:Taxes:Y2023:US:Medicare                 106.62 USD
  Expenses:Taxes:Y2023:US:Federal                 1062.92 USD
  Expenses:Taxes:Y2023:US:State                    365.08 USD
  Expenses:Taxes:Y2023:US:CityNYC                  174.92 USD
  Expenses:Taxes:Y2023:US:SDI                        1.12 USD
  Expenses:Taxes:Y2023:US:SocSec                   281.54 USD
  Assets:US:Federal:PreTax401k                   -1200.00 IRAUSD
  Expenses:Taxes:Y2023:US:Federal:PreTax401k      1200.00 IRAUSD
  Assets:US:Babble:Vacation                             5 VACHR
  Income:US:Babble:Vacation                            -5 VACHR

2023-04-27 * "Babble" "Payroll"
  Assets:US:BofA:Checking                         1350.60 USD
  Assets:US:Vanguard:Cash                         1200.00 USD
  Income:US:Babble:Salary                        -4615.38 USD
  Income:US:Babble:GroupTermLife                   -24.32 USD
  Expenses:Health:Life:GroupTermLife                24.32 USD
  Expenses:Health:Dental:Insurance                   2.90 USD
  Expenses:Health:Medical:Insurance                 27.38 USD
  Expenses:Health:Vision:Insurance                  42.30 USD
  Expenses:Taxes:Y2023:US:Medicare                 106.62 USD
  Expenses:Taxes:Y2023:US:Federal                 1062.92 USD
  Expenses:Taxes:Y2023:US:State                    365.08 USD
  Expenses:Taxes:Y2023:US:CityNYC                  174.92 USD
  Expenses:Taxes:Y2023:US:SDI                        1.12 USD
  Expenses:Taxes:Y2023:US:SocSec                   281.54 USD
  Assets:US:Federal:PreTax401k                   -1200.00 IRAUSD
  Expenses:Taxes:Y2023:US:Federal:PreTax401k      1200.00 IRAUSD
  Assets:US:Babble:Vacation                             5 VACHR
  Income:US:Babble:Vacation                            -5 VACHR

2023-05-11 * "Babble" "Payroll"
  Assets:US:BofA:Checking                         1350.60 USD
  Assets:US:Vanguard:Cash                         1200.00 USD
  Income:US:Babble:Salary                        -4615.38 USD
  Income:US:Babble:GroupTermLife                   -24.32 USD
  Expenses:Health:Life:GroupTermLife                24.32 USD
  Expenses:Health:Dental:Insurance                   2.90 USD
  Expenses:Health:Medical:Insurance                 27.38 USD
  Expenses:Health:Vision:Insurance                  42.30 USD
  Expenses:Taxes:Y2023:US:Medicare                 106.62 USD
  Expenses:Taxes:Y2023:US:Federal                 1062.92 USD
  Expenses:Taxes:Y2023:US:State                    365.08 USD
  Expenses:Taxes:Y2023:US:CityNYC                  174.92 USD
  Expenses:Taxes:Y2023:US:SDI                        1.12 USD
  Expenses:Taxes:Y2023:US:SocSec                   281.54 USD
  Assets:US:Federal:PreTax401k                   -1200.00 IRAUSD
  Expenses:Taxes:Y2023:US:Federal:PreTax401k      1200.00 IRAUSD
  Assets:US:Babble:Vacation                             5 VACHR
  Income:US:Babble:Vacation                            -5 VACHR

2023-05-25 * "Babble" "Payroll"
  Assets:US:BofA:Checking                         1350.60 USD
  Assets:US:Vanguard:Cash                         1200.00 USD
  Income:US:Babble:Salary                        -4615.38 USD
  Income:US:Babble:GroupTermLife                   -24.32 USD
  Expenses:Health:Life:GroupTermLife                24.32 USD
  Expenses:Health:Dental:Insurance                   2.90 USD
  Expenses:Health:Medical:Insurance                 27.38 USD
  Expenses:Health:Vision:Insurance                  42.30 USD
  Expenses:Taxes:Y2023:US:Medicare                 106.62 USD
  Expenses:Taxes:Y2023:US:Federal                 1062.92 USD
  Expenses:Taxes:Y2023:US:State                    365.08 USD
  Expenses:Taxes:Y2023:US:CityNYC                  174.92 USD
  Expenses:Taxes:Y2023:US:SDI                        1.12 USD
  Expenses:Taxes:Y2023:US:SocSec                   281.54 USD
  Assets:US:Federal:PreTax401k                   -1200.00 IRAUSD
  Expenses:Taxes:Y2023:US:Federal:PreTax401k      1200.00 IRAUSD
  Assets:US:Babble:Vacation                             5 VACHR
  Income:US:Babble:Vacation                            -5 VACHR

2023-06-08 * "Babble" "Payroll"
  Assets:US:BofA:Checking                         1350.60 USD
  Assets:US:Vanguard:Cash                         1200.00 USD
  Income:US:Babble:Salary                        -4615.38 USD
  Income:US:Babble:GroupTermLife                   -24.32 USD
  Expenses:Health:Life:GroupTermLife                24.32 USD
  Expenses:Health:Dental:Insurance                   2.90 USD
  Expenses:Health:Medical:Insurance                 27.38 USD
  Expenses:Health:Vision:Insurance                  42.30 USD
  Expenses:Taxes:Y2023:US:Medicare                 106.62 USD
  Expenses:Taxes:Y2023:US:Federal                 1062.92 USD
  Expenses:Taxes:Y2023:US:State                    365.08 USD
  Expenses:Taxes:Y2023:US:CityNYC                  174.92 USD
  Expenses:Taxes:Y2023:US:SDI                        1.12 USD
  Expenses:Taxes:Y2023:US:SocSec                   281.54 USD
  Assets:US:Federal:PreTax401k                   -1200.00 IRAUSD
  Expenses:Taxes:Y2023:US:Federal:PreTax401k      1200.00 IRAUSD
  Assets:US:Babble:Vacation                             5 VACHR
  Income:US:Babble:Vacation                            -5 VACHR

2023-06-22 * "Babble" "Payroll"
  Assets:US:BofA:Checking                         1350.60 USD
  Assets:US:Vanguard:Cash                         1200.00 USD
  Income:US:Babble:Salary                        -4615.38 USD
  Income:US:Babble:GroupTermLife                   -24.32 USD
  Expenses:Health:Life:GroupTermLife                24.32 USD
  Expenses:Health:Dental:Insurance                   2.90 USD
  Expenses:Health:Medical:Insurance                 27.38 USD
  Expenses:Health:Vision:Insurance                  42.30 USD
  Expenses:Taxes:Y2023:US:Medicare                 106.62 USD
  Expenses:Taxes:Y2023:US:Federal                 1062.92 USD
  Expenses:Taxes:Y2023:US:State                    365.08 USD
  Expenses:Taxes:Y2023:US:CityNYC                  174.92 USD
  Expenses:Taxes:Y2023:US:SDI                        1.12 USD
  Expenses:Taxes:Y2023:US:SocSec                   281.54 USD
  Assets:US:Federal:PreTax401k                   -1200.00 IRAUSD
  Expenses:Taxes:Y2023:US:Federal:PreTax401k      1200.00 IRAUSD
  Assets:US:Babble:Vacation                             5 VACHR
  Income:US:Babble:Vacation                            -5 VACHR

2023-07-06 * "Babble" "Payroll"
  Assets:US:BofA:Checking                         1350.60 USD
  Assets:US:Vanguard:Cash                         1200.00 USD
  Income:US:Babble:Salary                        -4615.38 USD
  Income:US:Babble:GroupTermLife                   -24.32 USD
  Expenses:Health:Life:GroupTermLife                24.32 USD
  Expenses:Health:Dental:Insurance                   2.90 USD
  Expenses:Health:Medical:Insurance                 27.38 USD
  Expenses:Health:Vision:Insurance                  42.30 USD
  Expenses:Taxes:Y2023:US:Medicare                 106.62 USD
  Expenses:Taxes:Y2023:US:Federal                 1062.92 USD
  Expenses:Taxes:Y2023:US:State                    365.08 USD
  Expenses:Taxes:Y2023:US:CityNYC                  174.92 USD
  Expenses:Taxes:Y2023:US:SDI                        1.12 USD
  Expenses:Taxes:Y2023:US:SocSec                   281.54 USD
  Assets:US:Federal:PreTax401k                   -1200.00 IRAUSD
  Expenses:Taxes:Y2023:US:Federal:PreTax401k      1200.00 IRAUSD
  Assets:US:Babble:Vacation                             5 VACHR
  Income:US:Babble:Vacation                            -5 VACHR

2023-07-20 * "Babble" "Payroll"
  Assets:US:BofA:Checking                         1350.60 USD
  Assets:US:Vanguard:Cash                         1200.00 USD
  Income:US:Babble:Salary                        -4615.38 USD
  Income:US:Babble:GroupTermLife                   -24.32 USD
  Expenses:Health:Life:GroupTermLife                24.32 USD
  Expenses:Health:Dental:Insurance                   2.90 USD
  Expenses:Health:Medical:Insurance                 27.38 USD
  Expenses:Health:Vision:Insurance                  42.30 USD
  Expenses:Taxes:Y2023:US:Medicare                 106.62 USD
  Expenses:Taxes:Y2023:US:Federal                 1062.92 USD
  Expenses:Taxes:Y2023:US:State                    365.08 USD
  Expenses:Taxes:Y2023:US:CityNYC                  174.92 USD
  Expenses:Taxes:Y2023:US:SDI                        1.12 USD
  Expenses:Taxes:Y2023:US:SocSec                   281.54 USD
  Assets:US:Federal:PreTax401k                   -1200.00 IRAUSD
  Expenses:Taxes:Y2023:US:Federal:PreTax401k      1200.00 IRAUSD
  Assets:US:Babble:Vacation                             5 VACHR
  Income:US:Babble:Vacation                            -5 VACHR

2023-08-03 * "Babble" "Payroll"
  Assets:US:BofA:Checking                         2050.60 USD
  Assets:US:Vanguard:Cash                          500.00 USD
  Income:US:Babble:Salary                        -4615.38 USD
  Income:US:Babble:GroupTermLife                   -24.32 USD
  Expenses:Health:Life:GroupTermLife                24.32 USD
  Expenses:Health:Dental:Insurance                   2.90 USD
  Expenses:Health:Medical:Insurance                 27.38 USD
  Expenses:Health:Vision:Insurance                  42.30 USD
  Expenses:Taxes:Y2023:US:Medicare                 106.62 USD
  Expenses:Taxes:Y2023:US:Federal                 1062.92 USD
  Expenses:Taxes:Y2023:US:State                    365.08 USD
  Expenses:Taxes:Y2023:US:CityNYC                  174.92 USD
  Expenses:Taxes:Y2023:US:SDI                        1.12 USD
  Expenses:Taxes:Y2023:US:SocSec                   281.54 USD
  Assets:US:Federal:PreTax401k                    -500.00 IRAUSD
  Expenses:Taxes:Y2023:US:Federal:PreTax401k       500.00 IRAUSD
  Assets:US:Babble:Vacation                             5 VACHR
  Income:US:Babble:Vacation                            -5 VACHR

2023-08-17 * "Babble" "Payroll"
  Assets:US:BofA:Checking                         2550.60 USD
  Income:US:Babble:Salary                        -4615.38 USD
  Income:US:Babble:GroupTermLife                   -24.32 USD
  Expenses:Health:Life:GroupTermLife                24.32 USD
  Expenses:Health:Dental:Insurance                   2.90 USD
  Expenses:Health:Medical:Insurance                 27.38 USD
  Expenses:Health:Vision:Insurance                  42.30 USD
  Expenses:Taxes:Y2023:US:Medicare                 106.62 USD
  Expenses:Taxes:Y2023:US:Federal                 1062.92 USD
  Expenses:Taxes:Y2023:US:State                    365.08 USD
  Expenses:Taxes:Y2023:US:CityNYC                  174.92 USD
  Expenses:Taxes:Y2023:US:SDI                        1.12 USD
  Expenses:Taxes:Y2023:US:SocSec                   281.54 USD
  Assets:US:Federal:PreTax401k                       0.00 IRAUSD
  Assets:US:Babble:Vacation                             5 VACHR
  Income:US:Babble:Vacation                            -5 VACHR

2023-08-31 * "Babble" "Payroll"
  Assets:US:BofA:Checking                         2550.60 USD
  Income:US:Babble:Salary                        -4615.38 USD
  Income:US:Babble:GroupTermLife                   -24.32 USD
  Expenses:Health:Life:GroupTermLife                24.32 USD
  Expenses:Health:Dental:Insurance                   2.90 USD
  Expenses:Health:Medical:Insurance                 27.38 USD
  Expenses:Health:Vision:Insurance                  42.30 USD
  Expenses:Taxes:Y2023:US:Medicare                 106.62 USD
  Expenses:Taxes:Y2023:US:Federal                 1062.92 USD
  Expenses:Taxes:Y2023:US:State                    365.08 USD
  Expenses:Taxes:Y2023:US:CityNYC                  174.92 USD
  Expenses:Taxes:Y2023:US:SDI                        1.12 USD
  Expenses:Taxes:Y2023:US:SocSec                   281.54 USD
  Assets:US:Federal:PreTax401k                       0.00 IRAUSD
  Assets:US:Babble:Vacation                             5 VACHR
  Income:US:Babble:Vacation                            -5 VACHR

2023-09-14 * "Babble" "Payroll"
  Assets:US:BofA:Checking                         2550.60 USD
  Income:US:Babble:Salary                        -4615.38 USD
  Income:US:Babble:GroupTermLife                   -24.32 USD
  Expenses:Health:Life:GroupTermLife                24.32 USD
  Expenses:Health:Dental:Insurance                   2.90 USD
  Expenses:Health:Medical:Insurance                 27.38 USD
  Expenses:Health:Vision:Insurance                  42.30 USD
  Expenses:Taxes:Y2023:US:Medicare                 106.62 USD
  Expenses:Taxes:Y2023:US:Federal                 1062.92 USD
  Expenses:Taxes:Y2023:US:State                    365.08 USD
  Expenses:Taxes:Y2023:US:CityNYC                  174.92 USD
  Expenses:Taxes:Y2023:US:SDI                        1.12 USD
  Expenses:Taxes:Y2023:US:SocSec                   281.54 USD
  Assets:US:Federal:PreTax401k                       0.00 IRAUSD
  Assets:US:Babble:Vacation                             5 VACHR
  Income:US:Babble:Vacation                            -5 VACHR



* Taxes

1980-05-12 open Income:US:Federal:PreTax401k                    IRAUSD
1980-05-12 open Assets:US:Federal:PreTax401k                    IRAUSD



** Tax Year 2021

2021-01-01 open Expenses:Taxes:Y2021:US:Federal:PreTax401k      IRAUSD
2021-01-01 open Expenses:Taxes:Y2021:US:Medicare                USD
2021-01-01 open Expenses:Taxes:Y2021:US:Federal                 USD
2021-01-01 open Expenses:Taxes:Y2021:US:CityNYC                 USD
2021-01-01 open Expenses:Taxes:Y2021:US:SDI                     USD
2021-01-01 open Expenses:Taxes:Y2021:US:State                   USD
2021-01-01 open Expenses:Taxes:Y2021:US:SocSec                  USD

2021-01-01 balance Assets:US:Federal:PreTax401k         0 IRAUSD

2021-01-01 * "Allowed contributions for one year"
  Income:US:Federal:PreTax401k                     -18500 IRAUSD
  Assets:US:Federal:PreTax401k                      18500 IRAUSD

2022-03-22 * "Filing taxes for 2021"
  Expenses:Taxes:Y2021:US:Federal                  542.94 USD
  Expenses:Taxes:Y2021:US:State                    359.71 USD
  Liabilities:AccountsPayable                     -902.65 USD

2022-03-23 * "STATE TAX & FINANC PYMT"
  Assets:US:BofA:Checking                         -359.71 USD
  Liabilities:AccountsPayable                      359.71 USD

2022-03-24 * "FEDERAL TAXPYMT"
  Assets:US:BofA:Checking                         -542.94 USD
  Liabilities:AccountsPayable                      542.94 USD



** Tax Year 2022

2022-01-01 open Expenses:Taxes:Y2022:US:Federal:PreTax401k      IRAUSD
2022-01-01 open Expenses:Taxes:Y2022:US:Medicare                USD
2022-01-01 open Expenses:Taxes:Y2022:US:Federal                 USD
2022-01-01 open Expenses:Taxes:Y2022:US:CityNYC                 USD
2022-01-01 open Expenses:Taxes:Y2022:US:SDI                     USD
2022-01-01 open Expenses:Taxes:Y2022:US:State                   USD
2022-01-01 open Expenses:Taxes:Y2022:US:SocSec                  USD

2022-01-01 balance Assets:US:Federal:PreTax401k         0 IRAUSD

2022-01-01 * "Allowed contributions for one year"
  Income:US:Federal:PreTax401k                     -18500 IRAUSD
  Assets:US:Federal:PreTax401k                      18500 IRAUSD

2023-03-24 * "Filing taxes for 2022"
  Expenses:Taxes:Y2022:US:Federal                  437.11 USD
  Expenses:Taxes:Y2022:US:State                    416.59 USD
  Liabilities:AccountsPayable                     -853.70 USD

2023-03-26 * "FEDERAL TAXPYMT"
  Assets:US:BofA:Checking                         -437.11 USD
  Liabilities:AccountsPayable                      437.11 USD

2023-03-26 * "STATE TAX & FINANC PYMT"
  Assets:US:BofA:Checking                         -416.59 USD
  Liabilities:AccountsPayable                      416.59 USD



** Tax Year 2023

2023-01-01 open Expenses:Taxes:Y2023:US:Federal:PreTax401k      IRAUSD
2023-01-01 open Expenses:Taxes:Y2023:US:Medicare                USD
2023-01-01 open Expenses:Taxes:Y2023:US:Federal                 USD
2023-01-01 open Expenses:Taxes:Y2023:US:CityNYC                 USD
2023-01-01 open Expenses:Taxes:Y2023:US:SDI                     USD
2023-01-01 open Expenses:Taxes:Y2023:US:State                   USD
2023-01-01 open Expenses:Taxes:Y2023:US:SocSec                  USD

2023-01-01 balance Assets:US:Federal:PreTax401k         0 IRAUSD

2023-01-01 * "Allowed contributions for one year"
  Income:US:Federal:PreTax401k                     -18500 IRAUSD
  Assets:US:Federal:PreTax401k                      18500 IRAUSD



* Expenses

1980-05-12 open Expenses:Food:Groceries
1980-05-12 open Expenses:Food:Restaurant
1980-05-12 open Expenses:Food:Coffee
1980-05-12 open Expenses:Food:Alcohol
1980-05-12 open Expenses:Transport:Tram
1980-05-12 open Expenses:Home:Rent
1980-05-12 open Expenses:Home:Electricity
1980-05-12 open Expenses:Home:Internet
1980-05-12 open Expenses:Home:Phone
1980-05-12 open Expenses:Financial:Fees
1980-05-12 open Expenses:Financial:Commissions



* Prices

2021-01-01 price VBMPX                             142.74 USD
2021-01-01 price RGAGX                              44.51 USD
2021-01-01 price ITOT                              130.34 USD
2021-01-01 price VEA                               127.71 USD
2021-01-01 price VHT                                39.24 USD
2021-01-01 price GLD                               194.45 USD
2021-01-08 price VBMPX                             144.21 USD
2021-01-08 price RGAGX                              44.08 USD
2021-01-08 price ITOT                              130.73 USD
2021-01-08 price VEA                               128.51 USD
2021-01-08 price VHT                                39.16 USD
2021-01-08 price GLD                               189.89 USD
2021-01-15 price VBMPX                             144.32 USD
2021-01-15 price RGAGX                              43.16 USD
2021-01-15 price ITOT                              131.75 USD
2021-01-15 price VEA                               131.46 USD
2021-01-15 price VHT                                38.56 USD
2021-01-15 price GLD                               191.20 USD
2021-01-22 price VBMPX                             144.45 USD
2021-01-22 price RGAGX                              42.63 USD
2021-01-22 price ITOT                              131.56 USD
2021-01-22 price VEA                               131.46 USD
2021-01-22 price VHT                                38.59 USD
2021-01-22 price GLD                               185.66 USD
2021-01-29 price VBMPX                             145.33 USD
2021-01-29 price RGAGX                              42.72 USD
2021-01-29 price ITOT                              129.93 USD
2021-01-29 price VEA                               127.54 USD
2021-01-29 price VHT                                39.10 USD
2021-01-29 price GLD                               185.34 USD
2021-02-05 price VBMPX                             146.15 USD
2021-02-05 price RGAGX                              42.62 USD
2021-02-05 price ITOT                              129.08 USD
2021-02-05 price VEA                               125.19 USD
2021-02-05 price VHT                                38.67 USD
2021-02-05 price GLD                               186.66 USD
2021-02-12 price VBMPX                             145.66 USD
2021-02-12 price RGAGX                              42.55 USD
2021-02-12 price ITOT                              129.71 USD
2021-02-12 price VEA                               123.01 USD
2021-02-12 price VHT                                38.57 USD
2021-02-12 price GLD                               184.55 USD
2021-02-19 price VBMPX                             146.77 USD
2021-02-19 price RGAGX                              41.82 USD
2021-02-19 price ITOT                              129.91 USD
2021-02-19 price VEA                               122.76 USD
2021-02-19 price VHT                                37.21 USD
2021-02-19 price GLD                               186.24 USD
2021-02-26 price VBMPX                             147.43 USD
2021-02-26 price RGAGX                              41.78 USD
2021-02-26 price ITOT                              129.65 USD
2021-02-26 price VEA                               120.46 USD
2021-02-26 price VHT                                37.26 USD
2021-02-26 price GLD                               192.13 USD
2021-03-05 price VBMPX                             150.59 USD
2021-03-05 price RGAGX                              41.98 USD
2021-03-05 price ITOT                              130.52 USD
2021-03-05 price VEA                               121.65 USD
2021-03-05 price VHT                                37.09 USD
2021-03-05 price GLD                               192.29 USD
2021-03-12 price VBMPX                             152.55 USD
2021-03-12 price RGAGX                              41.81 USD
2021-03-12 price ITOT                              131.79 USD
2021-03-12 price VEA                               125.34 USD
2021-03-12 price VHT                                36.59 USD
2021-03-12 price GLD                               194.11 USD
2021-03-19 price VBMPX                             153.23 USD
2021-03-19 price RGAGX                              41.66 USD
2021-03-19 price ITOT                              131.48 USD
2021-03-19 price VEA                               126.99 USD
2021-03-19 price VHT                                35.96 USD
2021-03-19 price GLD                               195.22 USD
2021-03-26 price VBMPX                             151.88 USD
2021-03-26 price RGAGX                              42.09 USD
2021-03-26 price ITOT                              131.87 USD
2021-03-26 price VEA                               125.55 USD
2021-03-26 price VHT                                36.68 USD
2021-03-26 price GLD                               195.66 USD
2021-04-02 price VBMPX                             150.13 USD
2021-04-02 price RGAGX                              41.47 USD
2021-04-02 price ITOT                              131.30 USD
2021-04-02 price VEA                               127.16 USD
2021-04-02 price VHT                                37.10 USD
2021-04-02 price GLD                               193.76 USD
2021-04-09 price VBMPX                             151.44 USD
2021-04-09 price RGAGX                              41.48 USD
2021-04-09 price ITOT                              132.05 USD
2021-04-09 price VEA                               127.25 USD
2021-04-09 price VHT                                36.88 USD
2021-04-09 price GLD                               198.24 USD
2021-04-16 price VBMPX                             150.76 USD
2021-04-16 price RGAGX                              42.14 USD
2021-04-16 price ITOT                              131.42 USD
2021-04-16 price VEA                               125.91 USD
2021-04-16 price VHT                                36.64 USD
2021-04-16 price GLD                               206.61 USD
2021-04-23 price VBMPX                             151.35 USD
2021-04-23 price RGAGX                              41.95 USD
2021-04-23 price ITOT                              132.29 USD
2021-04-23 price VEA                               123.09 USD
2021-04-23 price VHT                                36.34 USD
2021-04-23 price GLD                               202.41 USD
2021-04-30 price VBMPX                             152.03 USD
2021-04-30 price RGAGX                              42.57 USD
2021-04-30 price ITOT                              131.44 USD
2021-04-30 price VEA                               123.29 USD
2021-04-30 price VHT                                36.50 USD
2021-04-30 price GLD                               203.87 USD
2021-05-07 price VBMPX                             150.23 USD
2021-05-07 price RGAGX                              42.68 USD
2021-05-07 price ITOT                              131.03 USD
2021-05-07 price VEA                               127.03 USD
2021-05-07 price VHT                                36.05 USD
2021-05-07 price GLD                               203.38 USD
2021-05-14 price VBMPX                             149.40 USD
2021-05-14 price RGAGX                              43.02 USD
2021-05-14 price ITOT                              131.19 USD
2021-05-14 price VEA                               125.75 USD
2021-05-14 price VHT                                36.64 USD
2021-05-14 price GLD                               198.12 USD
2021-05-21 price VBMPX                             150.28 USD
2021-05-21 price RGAGX                              43.41 USD
2021-05-21 price ITOT                              131.80 USD
2021-05-21 price VEA                               123.52 USD
2021-05-21 price VHT                                36.14 USD
2021-05-21 price GLD                               198.47 USD
2021-05-28 price VBMPX                             149.38 USD
2021-05-28 price RGAGX                              43.70 USD
2021-05-28 price ITOT                              131.67 USD
2021-05-28 price VEA                               127.22 USD
2021-05-28 price VHT                                36.04 USD
2021-05-28 price GLD                               204.00 USD
2021-06-04 price VBMPX                             148.69 USD
2021-06-04 price RGAGX                              44.00 USD
2021-06-04 price ITOT                              131.95 USD
2021-06-04 price VEA                               130.58 USD
2021-06-04 price VHT                                36.50 USD
2021-06-04 price GLD                               208.05 USD
2021-06-11 price VBMPX                             149.51 USD
2021-06-11 price RGAGX                              44.12 USD
2021-06-11 price ITOT                              133.10 USD
2021-06-11 price VEA                               131.16 USD
2021-06-11 price VHT                                35.85 USD
2021-06-11 price GLD                               208.90 USD
2021-06-18 price VBMPX                             149.55 USD
2021-06-18 price RGAGX                              44.11 USD
2021-06-18 price ITOT                              134.83 USD
2021-06-18 price VEA                               132.80 USD
2021-06-18 price VHT                                35.38 USD
2021-06-18 price GLD                               210.70 USD
2021-06-25 price VBMPX                             149.03 USD
2021-06-25 price RGAGX                              43.48 USD
2021-06-25 price ITOT                              133.96 USD
2021-06-25 price VEA                               132.99 USD
2021-06-25 price VHT                                34.75 USD
2021-06-25 price GLD                               219.93 USD
2021-07-02 price VBMPX                             149.10 USD
2021-07-02 price RGAGX                              43.56 USD
2021-07-02 price ITOT                              134.75 USD
2021-07-02 price VEA                               130.53 USD
2021-07-02 price VHT                                35.07 USD
2021-07-02 price GLD                               220.27 USD
2021-07-09 price VBMPX                             147.15 USD
2021-07-09 price RGAGX                              43.90 USD
2021-07-09 price ITOT                              134.82 USD
2021-07-09 price VEA                               136.12 USD
2021-07-09 price VHT                                34.91 USD
2021-07-09 price GLD                               222.82 USD
2021-07-16 price VBMPX                             148.28 USD
2021-07-16 price RGAGX                              44.03 USD
2021-07-16 price ITOT                              135.19 USD
2021-07-16 price VEA                               136.26 USD
2021-07-16 price VHT                                34.69 USD
2021-07-16 price GLD                               220.12 USD
2021-07-23 price VBMPX                             149.10 USD
2021-07-23 price RGAGX                              44.09 USD
2021-07-23 price ITOT                              134.79 USD
2021-07-23 price VEA                               135.32 USD
2021-07-23 price VHT                                35.02 USD
2021-07-23 price GLD                               215.09 USD
2021-07-30 price VBMPX                             147.71 USD
2021-07-30 price RGAGX                              44.19 USD
2021-07-30 price ITOT                              133.73 USD
2021-07-30 price VEA                               135.13 USD
2021-07-30 price VHT                                35.17 USD
2021-07-30 price GLD                               225.14 USD
2021-08-06 price VBMPX                             146.75 USD
2021-08-06 price RGAGX                              44.32 USD
2021-08-06 price ITOT                              133.70 USD
2021-08-06 price VEA                               136.78 USD
2021-08-06 price VHT                                36.28 USD
2021-08-06 price GLD                               228.37 USD
2021-08-13 price VBMPX                             148.58 USD
2021-08-13 price RGAGX                              44.28 USD
2021-08-13 price ITOT                              133.79 USD
2021-08-13 price VEA                               135.76 USD
2021-08-13 price VHT                                36.52 USD
2021-08-13 price GLD                               233.11 USD
2021-08-20 price VBMPX                             148.62 USD
2021-08-20 price RGAGX                              44.09 USD
2021-08-20 price ITOT                              133.96 USD
2021-08-20 price VEA                               133.11 USD
2021-08-20 price VHT                                36.19 USD
2021-08-20 price GLD                               236.75 USD
2021-08-27 price VBMPX                             147.31 USD
2021-08-27 price RGAGX                              44.77 USD
2021-08-27 price ITOT                              133.35 USD
2021-08-27 price VEA                               132.24 USD
2021-08-27 price VHT                                37.51 USD
2021-08-27 price GLD                               239.64 USD
2021-09-03 price VBMPX                             146.30 USD
2021-09-03 price RGAGX                              45.77 USD
2021-09-03 price ITOT                              133.24 USD
2021-09-03 price VEA                               130.00 USD
2021-09-03 price VHT                                37.45 USD
2021-09-03 price GLD                               242.92 USD
2021-09-10 price VBMPX                             146.20 USD
2021-09-10 price RGAGX                              45.62 USD
2021-09-10 price ITOT                              133.63 USD
2021-09-10 price VEA                               130.95 USD
2021-09-10 price VHT                                37.81 USD
2021-09-10 price GLD                               236.68 USD
2021-09-17 price VBMPX                             147.80 USD
2021-09-17 price RGAGX                              45.65 USD
2021-09-17 price ITOT                              135.64 USD
2021-09-17 price VEA                               132.90 USD
2021-09-17 price VHT                                37.93 USD
2021-09-17 price GLD                               238.75 USD
2021-09-24 price VBMPX                             147.47 USD
2021-09-24 price RGAGX                              45.74 USD
2021-09-24 price ITOT                              135.00 USD
2021-09-24 price VEA                               129.90 USD
2021-09-24 price VHT                                37.75 USD
2021-09-24 price GLD                               242.81 USD
2021-10-01 price VBMPX                             146.99 USD
2021-10-01 price RGAGX                              46.12 USD
2021-10-01 price ITOT                              135.87 USD
2021-10-01 price VEA                               130.83 USD
2021-10-01 price VHT                                37.43 USD
2021-10-01 price GLD                               248.37 USD
2021-10-08 price VBMPX                             146.07 USD
2021-10-08 price RGAGX                              45.92 USD
2021-10-08 price ITOT                              136.58 USD
2021-10-08 price VEA                               134.61 USD
2021-10-08 price VHT                                37.18 USD
2021-10-08 price GLD                               255.47 USD
2021-10-15 price VBMPX                             145.28 USD
2021-10-15 price RGAGX                              45.83 USD
2021-10-15 price ITOT                              136.67 USD
2021-10-15 price VEA                               134.69 USD
2021-10-15 price VHT                                36.65 USD
2021-10-15 price GLD                               258.52 USD
2021-10-22 price VBMPX                             143.50 USD
2021-10-22 price RGAGX                              46.39 USD
2021-10-22 price ITOT                              136.15 USD
2021-10-22 price VEA                               133.41 USD
2021-10-22 price VHT                                36.04 USD
2021-10-22 price GLD                               260.44 USD
2021-10-29 price VBMPX                             143.30 USD
2021-10-29 price RGAGX                              46.89 USD
2021-10-29 price ITOT                              137.98 USD
2021-10-29 price VEA                               132.22 USD
2021-10-29 price VHT                                34.74 USD
2021-10-29 price GLD                               258.70 USD
2021-11-05 price VBMPX                             142.14 USD
2021-11-05 price RGAGX                              47.63 USD
2021-11-05 price ITOT                              137.18 USD
2021-11-05 price VEA                               134.49 USD
2021-11-05 price VHT                                35.00 USD
2021-11-05 price GLD                               254.79 USD
2021-11-12 price VBMPX                             143.31 USD
2021-11-12 price RGAGX                              47.41 USD
2021-11-12 price ITOT                              137.29 USD
2021-11-12 price VEA                               134.78 USD
2021-11-12 price VHT                                35.66 USD
2021-11-12 price GLD                               261.59 USD
2021-11-19 price VBMPX                             144.55 USD
2021-11-19 price RGAGX                              47.58 USD
2021-11-19 price ITOT                              137.12 USD
2021-11-19 price VEA                               135.03 USD
2021-11-19 price VHT                                35.88 USD
2021-11-19 price GLD                               257.37 USD
2021-11-26 price VBMPX                             144.44 USD
2021-11-26 price RGAGX                              47.91 USD
2021-11-26 price ITOT                              138.01 USD
2021-11-26 price VEA                               137.76 USD
2021-11-26 price VHT                                36.28 USD
2021-11-26 price GLD                               269.22 USD
2021-12-03 price VBMPX                             143.94 USD
2021-12-03 price RGAGX                              48.46 USD
2021-12-03 price ITOT                              137.87 USD
2021-12-03 price VEA                               136.95 USD
2021-12-03 price VHT                                36.11 USD
2021-12-03 price GLD                               277.33 USD
2021-12-10 price VBMPX                             142.08 USD
2021-12-10 price RGAGX                              48.59 USD
2021-12-10 price ITOT                              139.49 USD
2021-12-10 price VEA                               131.38 USD
2021-12-10 price VHT                                35.87 USD
2021-12-10 price GLD                               273.19 USD
2021-12-17 price VBMPX                             142.88 USD
2021-12-17 price RGAGX                              48.27 USD
2021-12-17 price ITOT                              139.06 USD
2021-12-17 price VEA                               130.00 USD
2021-12-17 price VHT                                35.99 USD
2021-12-17 price GLD                               276.01 USD
2021-12-24 price VBMPX                             142.71 USD
2021-12-24 price RGAGX                              47.70 USD
2021-12-24 price ITOT                              138.32 USD
2021-12-24 price VEA                               126.82 USD
2021-12-24 price VHT                                35.93 USD
2021-12-24 price GLD                               279.98 USD
2021-12-31 price VBMPX                             143.50 USD
2021-12-31 price RGAGX                              47.49 USD
2021-12-31 price ITOT                              137.94 USD
2021-12-31 price VEA                               127.94 USD
2021-12-31 price VHT                                37.11 USD
2021-12-31 price GLD                               277.26 USD
2022-01-07 price VBMPX                             144.57 USD
2022-01-07 price RGAGX                              47.82 USD
2022-01-07 price ITOT                              138.20 USD
2022-01-07 price VEA                               126.72 USD
2022-01-07 price VHT                                36.93 USD
2022-01-07 price GLD                               270.19 USD
2022-01-14 price VBMPX                             145.38 USD
2022-01-14 price RGAGX                              48.42 USD
2022-01-14 price ITOT                              138.06 USD
2022-01-14 price VEA                               129.65 USD
2022-01-14 price VHT                                36.89 USD
2022-01-14 price GLD                               260.28 USD
2022-01-21 price VBMPX                             143.83 USD
2022-01-21 price RGAGX                              48.21 USD
2022-01-21 price ITOT                              137.14 USD
2022-01-21 price VEA                               129.69 USD
2022-01-21 price VHT                                36.71 USD
2022-01-21 price GLD                               257.01 USD
2022-01-28 price VBMPX                             142.88 USD
2022-01-28 price RGAGX                              48.37 USD
2022-01-28 price ITOT                              137.00 USD
2022-01-28 price VEA                               131.49 USD
2022-01-28 price VHT                                36.45 USD
2022-01-28 price GLD                               259.59 USD
2022-02-04 price VBMPX                             143.35 USD
2022-02-04 price RGAGX                              48.38 USD
2022-02-04 price ITOT                              137.44 USD
2022-02-04 price VEA                               131.94 USD
2022-02-04 price VHT                                36.70 USD
2022-02-04 price GLD                               260.29 USD
2022-02-11 price VBMPX                             141.44 USD
2022-02-11 price RGAGX                              48.44 USD
2022-02-11 price ITOT                              137.22 USD
2022-02-11 price VEA                               133.69 USD
2022-02-11 price VHT                                37.03 USD
2022-02-11 price GLD                               258.98 USD
2022-02-18 price VBMPX                             140.91 USD
2022-02-18 price RGAGX                              48.33 USD
2022-02-18 price ITOT                              138.16 USD
2022-02-18 price VEA                               132.96 USD
2022-02-18 price VHT                                36.67 USD
2022-02-18 price GLD                               262.61 USD
2022-02-25 price VBMPX                             140.84 USD
2022-02-25 price RGAGX                              48.68 USD
2022-02-25 price ITOT                              138.28 USD
2022-02-25 price VEA                               131.95 USD
2022-02-25 price VHT                                36.37 USD
2022-02-25 price GLD                               261.41 USD
2022-03-04 price VBMPX                             139.69 USD
2022-03-04 price RGAGX                              48.17 USD
2022-03-04 price ITOT                              141.07 USD
2022-03-04 price VEA                               130.72 USD
2022-03-04 price VHT                                35.81 USD
2022-03-04 price GLD                               256.62 USD
2022-03-11 price VBMPX                             141.14 USD
2022-03-11 price RGAGX                              48.61 USD
2022-03-11 price ITOT                              142.04 USD
2022-03-11 price VEA                               125.64 USD
2022-03-11 price VHT                                35.99 USD
2022-03-11 price GLD                               256.13 USD
2022-03-18 price VBMPX                             141.17 USD
2022-03-18 price RGAGX                              48.50 USD
2022-03-18 price ITOT                              140.92 USD
2022-03-18 price VEA                               123.52 USD
2022-03-18 price VHT                                36.08 USD
2022-03-18 price GLD                               254.87 USD
2022-03-25 price VBMPX                             139.43 USD
2022-03-25 price RGAGX                              48.38 USD
2022-03-25 price ITOT                              140.74 USD
2022-03-25 price VEA                               123.96 USD
2022-03-25 price VHT                                35.40 USD
2022-03-25 price GLD                               261.06 USD
2022-04-01 price VBMPX                             141.31 USD
2022-04-01 price RGAGX                              48.14 USD
2022-04-01 price ITOT                              139.81 USD
2022-04-01 price VEA                               124.98 USD
2022-04-01 price VHT                                35.39 USD
2022-04-01 price GLD                               265.77 USD
2022-04-08 price VBMPX                             140.48 USD
2022-04-08 price RGAGX                              48.24 USD
2022-04-08 price ITOT                              138.48 USD
2022-04-08 price VEA                               124.48 USD
2022-04-08 price VHT                                35.65 USD
2022-04-08 price GLD                               265.63 USD
2022-04-15 price VBMPX                             143.28 USD
2022-04-15 price RGAGX                              48.70 USD
2022-04-15 price ITOT                              139.29 USD
2022-04-15 price VEA                               123.61 USD
2022-04-15 price VHT                                36.18 USD
2022-04-15 price GLD                               265.49 USD
2022-04-22 price VBMPX                             144.80 USD
2022-04-22 price RGAGX                              48.91 USD
2022-04-22 price ITOT                              140.69 USD
2022-04-22 price VEA                               123.14 USD
2022-04-22 price VHT                                36.68 USD
2022-04-22 price GLD                               275.19 USD
2022-04-29 price VBMPX                             144.79 USD
2022-04-29 price RGAGX                              50.19 USD
2022-04-29 price ITOT                              139.22 USD
2022-04-29 price VEA                               120.83 USD
2022-04-29 price VHT                                36.88 USD
2022-04-29 price GLD                               273.15 USD
2022-05-06 price VBMPX                             143.68 USD
2022-05-06 price RGAGX                              50.43 USD
2022-05-06 price ITOT                              138.62 USD
2022-05-06 price VEA                               121.27 USD
2022-05-06 price VHT                                37.08 USD
2022-05-06 price GLD                               277.43 USD
2022-05-13 price VBMPX                             144.89 USD
2022-05-13 price RGAGX                              51.14 USD
2022-05-13 price ITOT                              137.31 USD
2022-05-13 price VEA                               122.46 USD
2022-05-13 price VHT                                37.09 USD
2022-05-13 price GLD                               279.68 USD
2022-05-20 price VBMPX                             145.64 USD
2022-05-20 price RGAGX                              51.17 USD
2022-05-20 price ITOT                              137.45 USD
2022-05-20 price VEA                               123.80 USD
2022-05-20 price VHT                                37.27 USD
2022-05-20 price GLD                               284.40 USD
2022-05-27 price VBMPX                             145.78 USD
2022-05-27 price RGAGX                              51.71 USD
2022-05-27 price ITOT                              140.32 USD
2022-05-27 price VEA                               123.79 USD
2022-05-27 price VHT                                36.96 USD
2022-05-27 price GLD                               281.19 USD
2022-06-03 price VBMPX                             144.98 USD
2022-06-03 price RGAGX                              51.61 USD
2022-06-03 price ITOT                              139.20 USD
2022-06-03 price VEA                               122.87 USD
2022-06-03 price VHT                                36.76 USD
2022-06-03 price GLD                               292.99 USD
2022-06-10 price VBMPX                             145.67 USD
2022-06-10 price RGAGX                              51.87 USD
2022-06-10 price ITOT                              138.37 USD
2022-06-10 price VEA                               123.37 USD
2022-06-10 price VHT                                36.57 USD
2022-06-10 price GLD                               307.14 USD
2022-06-17 price VBMPX                             146.40 USD
2022-06-17 price RGAGX                              51.77 USD
2022-06-17 price ITOT                              138.95 USD
2022-06-17 price VEA                               122.37 USD
2022-06-17 price VHT                                35.84 USD
2022-06-17 price GLD                               311.80 USD
2022-06-24 price VBMPX                             146.21 USD
2022-06-24 price RGAGX                              51.80 USD
2022-06-24 price ITOT                              139.68 USD
2022-06-24 price VEA                               122.07 USD
2022-06-24 price VHT                                36.07 USD
2022-06-24 price GLD                               300.45 USD
2022-07-01 price VBMPX                             148.20 USD
2022-07-01 price RGAGX                              52.32 USD
2022-07-01 price ITOT                              137.79 USD
2022-07-01 price VEA                               121.77 USD
2022-07-01 price VHT                                36.47 USD
2022-07-01 price GLD                               289.24 USD
2022-07-08 price VBMPX                             149.76 USD
2022-07-08 price RGAGX                              52.19 USD
2022-07-08 price ITOT                              139.74 USD
2022-07-08 price VEA                               120.20 USD
2022-07-08 price VHT                                36.35 USD
2022-07-08 price GLD                               298.85 USD
2022-07-15 price VBMPX                             149.93 USD
2022-07-15 price RGAGX                              51.47 USD
2022-07-15 price ITOT                              139.90 USD
2022-07-15 price VEA                               118.82 USD
2022-07-15 price VHT                                36.80 USD
2022-07-15 price GLD                               304.80 USD
2022-07-22 price VBMPX                             152.24 USD
2022-07-22 price RGAGX                              53.16 USD
2022-07-22 price ITOT                              140.32 USD
2022-07-22 price VEA                               120.25 USD
2022-07-22 price VHT                                35.96 USD
2022-07-22 price GLD                               295.69 USD
2022-07-29 price VBMPX                             153.02 USD
2022-07-29 price RGAGX                              53.79 USD
2022-07-29 price ITOT                              139.41 USD
2022-07-29 price VEA                               123.00 USD
2022-07-29 price VHT                                35.85 USD
2022-07-29 price GLD                               289.34 USD
2022-08-05 price VBMPX                             152.96 USD
2022-08-05 price RGAGX                              53.70 USD
2022-08-05 price ITOT                              139.19 USD
2022-08-05 price VEA                               125.33 USD
2022-08-05 price VHT                                36.70 USD
2022-08-05 price GLD                               292.67 USD
2022-08-12 price VBMPX                             155.81 USD
2022-08-12 price RGAGX                              54.13 USD
2022-08-12 price ITOT                              139.25 USD
2022-08-12 price VEA                               123.32 USD
2022-08-12 price VHT                                36.94 USD
2022-08-12 price GLD                               288.89 USD
2022-08-19 price VBMPX                             155.44 USD
2022-08-19 price RGAGX                              54.45 USD
2022-08-19 price ITOT                              139.29 USD
2022-08-19 price VEA                               122.80 USD
2022-08-19 price VHT                                36.87 USD
2022-08-19 price GLD                               285.68 USD
2022-08-26 price VBMPX                             156.22 USD
2022-08-26 price RGAGX                              54.82 USD
2022-08-26 price ITOT                              138.45 USD
2022-08-26 price VEA                               119.39 USD
2022-08-26 price VHT                                36.77 USD
2022-08-26 price GLD                               286.38 USD
2022-09-02 price VBMPX                             157.27 USD
2022-09-02 price RGAGX                              54.69 USD
2022-09-02 price ITOT                              136.72 USD
2022-09-02 price VEA                               120.14 USD
2022-09-02 price VHT                                37.50 USD
2022-09-02 price GLD                               288.82 USD
2022-09-09 price VBMPX                             159.85 USD
2022-09-09 price RGAGX                              55.01 USD
2022-09-09 price ITOT                              136.43 USD
2022-09-09 price VEA                               120.47 USD
2022-09-09 price VHT                                38.11 USD
2022-09-09 price GLD                               285.05 USD
2022-09-16 price VBMPX                             161.23 USD
2022-09-16 price RGAGX                              54.37 USD
2022-09-16 price ITOT                              135.99 USD
2022-09-16 price VEA                               118.65 USD
2022-09-16 price VHT                                38.50 USD
2022-09-16 price GLD                               293.42 USD
2022-09-23 price VBMPX                             162.27 USD
2022-09-23 price RGAGX                              53.70 USD
2022-09-23 price ITOT                              133.92 USD
2022-09-23 price VEA                               117.32 USD
2022-09-23 price VHT                                38.99 USD
2022-09-23 price GLD                               288.19 USD
2022-09-30 price VBMPX                             163.52 USD
2022-09-30 price RGAGX                              53.20 USD
2022-09-30 price ITOT                              135.11 USD
2022-09-30 price VEA                               117.12 USD
2022-09-30 price VHT                                38.68 USD
2022-09-30 price GLD                               297.71 USD
2022-10-07 price VBMPX                             164.55 USD
2022-10-07 price RGAGX                              52.97 USD
2022-10-07 price ITOT                              135.24 USD
2022-10-07 price VEA                               118.19 USD
2022-10-07 price VHT                                38.63 USD
2022-10-07 price GLD                               297.92 USD
2022-10-14 price VBMPX                             166.46 USD
2022-10-14 price RGAGX                              52.56 USD
2022-10-14 price ITOT                              136.65 USD
2022-10-14 price VEA                               115.36 USD
2022-10-14 price VHT                                38.41 USD
2022-10-14 price GLD                               289.82 USD
2022-10-21 price VBMPX                             168.84 USD
2022-10-21 price RGAGX                              52.39 USD
2022-10-21 price ITOT                              137.13 USD
2022-10-21 price VEA                               116.80 USD
2022-10-21 price VHT                                38.51 USD
2022-10-21 price GLD                               294.93 USD
2022-10-28 price VBMPX                             170.47 USD
2022-10-28 price RGAGX                              51.67 USD
2022-10-28 price ITOT                              137.45 USD
2022-10-28 price VEA                               117.02 USD
2022-10-28 price VHT                                38.58 USD
2022-10-28 price GLD                               293.30 USD
2022-11-04 price VBMPX                             171.53 USD
2022-11-04 price RGAGX                              51.42 USD
2022-11-04 price ITOT                              136.96 USD
2022-11-04 price VEA                               117.71 USD
2022-11-04 price VHT                                39.05 USD
2022-11-04 price GLD                               289.52 USD
2022-11-11 price VBMPX                             171.97 USD
2022-11-11 price RGAGX                              51.49 USD
2022-11-11 price ITOT                              137.00 USD
2022-11-11 price VEA                               122.36 USD
2022-11-11 price VHT                                40.15 USD
2022-11-11 price GLD                               290.98 USD
2022-11-18 price VBMPX                             173.20 USD
2022-11-18 price RGAGX                              51.52 USD
2022-11-18 price ITOT                              138.16 USD
2022-11-18 price VEA                               120.95 USD
2022-11-18 price VHT                                40.69 USD
2022-11-18 price GLD                               291.21 USD
2022-11-25 price VBMPX                             174.20 USD
2022-11-25 price RGAGX                              51.74 USD
2022-11-25 price ITOT                              138.97 USD
2022-11-25 price VEA                               122.27 USD
2022-11-25 price VHT                                40.71 USD
2022-11-25 price GLD                               289.94 USD
2022-12-02 price VBMPX                             173.53 USD
2022-12-02 price RGAGX                              52.13 USD
2022-12-02 price ITOT                              138.57 USD
2022-12-02 price VEA                               126.10 USD
2022-12-02 price VHT                                41.08 USD
2022-12-02 price GLD                               293.94 USD
2022-12-09 price VBMPX                             171.06 USD
2022-12-09 price RGAGX                              52.47 USD
2022-12-09 price ITOT                              139.31 USD
2022-12-09 price VEA                               127.33 USD
2022-12-09 price VHT                                41.71 USD
2022-12-09 price GLD                               292.05 USD
2022-12-16 price VBMPX                             169.47 USD
2022-12-16 price RGAGX                              52.48 USD
2022-12-16 price ITOT                              139.28 USD
2022-12-16 price VEA                               129.24 USD
2022-12-16 price VHT                                42.06 USD
2022-12-16 price GLD                               295.95 USD
2022-12-23 price VBMPX                             168.67 USD
2022-12-23 price RGAGX                              52.57 USD
2022-12-23 price ITOT                              139.09 USD
2022-12-23 price VEA                               133.55 USD
2022-12-23 price VHT                                43.16 USD
2022-12-23 price GLD                               294.30 USD
2022-12-30 price VBMPX                             168.31 USD
2022-12-30 price RGAGX                              52.34 USD
2022-12-30 price ITOT                              137.58 USD
2022-12-30 price VEA                               135.20 USD
2022-12-30 price VHT                                43.09 USD
2022-12-30 price GLD                               302.30 USD
2023-01-06 price VBMPX                             167.10 USD
2023-01-06 price RGAGX                              51.55 USD
2023-01-06 price ITOT                              137.83 USD
2023-01-06 price VEA                               137.58 USD
2023-01-06 price VHT                                42.08 USD
2023-01-06 price GLD                               301.04 USD
2023-01-13 price VBMPX                             165.07 USD
2023-01-13 price RGAGX                              51.83 USD
2023-01-13 price ITOT                              138.28 USD
2023-01-13 price VEA                               137.85 USD
2023-01-13 price VHT                                41.95 USD
2023-01-13 price GLD                               296.81 USD
2023-01-20 price VBMPX                             166.02 USD
2023-01-20 price RGAGX                              51.83 USD
2023-01-20 price ITOT                              138.28 USD
2023-01-20 price VEA                               139.53 USD
2023-01-20 price VHT                                41.47 USD
2023-01-20 price GLD                               294.14 USD
2023-01-27 price VBMPX                             167.13 USD
2023-01-27 price RGAGX                              51.61 USD
2023-01-27 price ITOT                              137.67 USD
2023-01-27 price VEA                               137.44 USD
2023-01-27 price VHT                                41.53 USD
2023-01-27 price GLD                               300.26 USD
2023-02-03 price VBMPX                             168.06 USD
2023-02-03 price RGAGX                              52.06 USD
2023-02-03 price ITOT                              137.71 USD
2023-02-03 price VEA                               137.36 USD
2023-02-03 price VHT                                39.99 USD
2023-02-03 price GLD                               294.77 USD
2023-02-10 price VBMPX                             166.88 USD
2023-02-10 price RGAGX                              52.14 USD
2023-02-10 price ITOT                              137.49 USD
2023-02-10 price VEA                               138.08 USD
2023-02-10 price VHT                                40.56 USD
2023-02-10 price GLD                               284.33 USD
2023-02-17 price VBMPX                             166.85 USD
2023-02-17 price RGAGX                              51.97 USD
2023-02-17 price ITOT                              136.92 USD
2023-02-17 price VEA                               140.20 USD
2023-02-17 price VHT                                41.16 USD
2023-02-17 price GLD                               290.56 USD
2023-02-24 price VBMPX                             166.41 USD
2023-02-24 price RGAGX                              52.69 USD
2023-02-24 price ITOT                              137.11 USD
2023-02-24 price VEA                               145.16 USD
2023-02-24 price VHT                                40.48 USD
2023-02-24 price GLD                               291.61 USD
2023-03-03 price VBMPX                             166.47 USD
2023-03-03 price RGAGX                              52.78 USD
2023-03-03 price ITOT                              137.71 USD
2023-03-03 price VEA                               147.73 USD
2023-03-03 price VHT                                40.17 USD
2023-03-03 price GLD                               296.29 USD
2023-03-10 price VBMPX                             164.91 USD
2023-03-10 price RGAGX                              52.08 USD
2023-03-10 price ITOT                              137.17 USD
2023-03-10 price VEA                               149.25 USD
2023-03-10 price VHT                                40.13 USD
2023-03-10 price GLD                               298.59 USD
2023-03-17 price VBMPX                             166.75 USD
2023-03-17 price RGAGX                              51.86 USD
2023-03-17 price ITOT                              137.60 USD
2023-03-17 price VEA                               149.41 USD
2023-03-17 price VHT                                39.51 USD
2023-03-17 price GLD                               289.88 USD
2023-03-24 price VBMPX                             168.18 USD
2023-03-24 price RGAGX                              52.03 USD
2023-03-24 price ITOT                              139.22 USD
2023-03-24 price VEA                               150.72 USD
2023-03-24 price VHT                                39.63 USD
2023-03-24 price GLD                               298.69 USD
2023-03-31 price VBMPX                             169.80 USD
2023-03-31 price RGAGX                              52.34 USD
2023-03-31 price ITOT                              138.47 USD
2023-03-31 price VEA                               148.57 USD
2023-03-31 price VHT                                39.71 USD
2023-03-31 price GLD                               303.03 USD
2023-04-07 price VBMPX                             168.69 USD
2023-04-07 price RGAGX                              51.68 USD
2023-04-07 price ITOT                              139.01 USD
2023-04-07 price VEA                               147.65 USD
2023-04-07 price VHT                                41.16 USD
2023-04-07 price GLD                               312.15 USD
2023-04-14 price VBMPX                             167.78 USD
2023-04-14 price RGAGX                              51.03 USD
2023-04-14 price ITOT                              137.78 USD
2023-04-14 price VEA                               149.36 USD
2023-04-14 price VHT                                41.28 USD
2023-04-14 price GLD                               312.91 USD
2023-04-21 price VBMPX                             167.39 USD
2023-04-21 price RGAGX                              51.12 USD
2023-04-21 price ITOT                              139.34 USD
2023-04-21 price VEA                               151.87 USD
2023-04-21 price VHT                                40.46 USD
2023-04-21 price GLD                               315.65 USD
2023-04-28 price VBMPX                             167.97 USD
2023-04-28 price RGAGX                              51.10 USD
2023-04-28 price ITOT                              139.68 USD
2023-04-28 price VEA                               151.84 USD
2023-04-28 price VHT                                40.37 USD
2023-04-28 price GLD                               321.46 USD
2023-05-05 price VBMPX                             169.84 USD
2023-05-05 price RGAGX                              50.84 USD
2023-05-05 price ITOT                              138.70 USD
2023-05-05 price VEA                               148.04 USD
2023-05-05 price VHT                                39.20 USD
2023-05-05 price GLD                               322.55 USD
2023-05-12 price VBMPX                             170.18 USD
2023-05-12 price RGAGX                              51.72 USD
2023-05-12 price ITOT                              138.07 USD
2023-05-12 price VEA                               149.62 USD
2023-05-12 price VHT                                38.75 USD
2023-05-12 price GLD                               317.94 USD
2023-05-19 price VBMPX                             170.15 USD
2023-05-19 price RGAGX                              51.04 USD
2023-05-19 price ITOT                              139.55 USD
2023-05-19 price VEA                               144.78 USD
2023-05-19 price VHT                                39.39 USD
2023-05-19 price GLD                               309.28 USD
2023-05-26 price VBMPX                             168.42 USD
2023-05-26 price RGAGX                              51.06 USD
2023-05-26 price ITOT                              138.86 USD
2023-05-26 price VEA                               145.51 USD
2023-05-26 price VHT                                39.82 USD
2023-05-26 price GLD                               310.34 USD
2023-06-02 price VBMPX                             168.32 USD
2023-06-02 price RGAGX                              50.85 USD
2023-06-02 price ITOT                              138.01 USD
2023-06-02 price VEA                               148.24 USD
2023-06-02 price VHT                                39.60 USD
2023-06-02 price GLD                               310.17 USD
2023-06-09 price VBMPX                             168.71 USD
2023-06-09 price RGAGX                              50.56 USD
2023-06-09 price ITOT                              140.05 USD
2023-06-09 price VEA                               151.01 USD
2023-06-09 price VHT                                38.85 USD
2023-06-09 price GLD                               303.71 USD
2023-06-16 price VBMPX                             167.92 USD
2023-06-16 price RGAGX                              50.69 USD
2023-06-16 price ITOT                              140.39 USD
2023-06-16 price VEA                               155.67 USD
2023-06-16 price VHT                                39.20 USD
2023-06-16 price GLD                               309.04 USD
2023-06-23 price VBMPX                             169.42 USD
2023-06-23 price RGAGX                              50.14 USD
2023-06-23 price ITOT                              140.86 USD
2023-06-23 price VEA                               151.11 USD
2023-06-23 price VHT                                38.80 USD
2023-06-23 price GLD                               313.72 USD
2023-06-30 price VBMPX                             167.84 USD
2023-06-30 price RGAGX                              49.91 USD
2023-06-30 price ITOT                              141.53 USD
2023-06-30 price VEA                               146.64 USD
2023-06-30 price VHT                                39.23 USD
2023-06-30 price GLD                               317.06 USD
2023-07-07 price VBMPX                             167.79 USD
2023-07-07 price RGAGX                              50.07 USD
2023-07-07 price ITOT                              142.48 USD
2023-07-07 price VEA                               144.79 USD
2023-07-07 price VHT                                39.42 USD
2023-07-07 price GLD                               309.64 USD
2023-07-14 price VBMPX                             166.19 USD
2023-07-14 price RGAGX                              49.37 USD
2023-07-14 price ITOT                              140.07 USD
2023-07-14 price VEA                               147.13 USD
2023-07-14 price VHT                                38.11 USD
2023-07-14 price GLD                               313.58 USD
2023-07-21 price VBMPX                             167.07 USD
2023-07-21 price RGAGX                              50.02 USD
2023-07-21 price ITOT                              138.27 USD
2023-07-21 price VEA                               147.05 USD
2023-07-21 price VHT                                38.19 USD
2023-07-21 price GLD                               312.62 USD
2023-07-28 price VBMPX                             164.48 USD
2023-07-28 price RGAGX                              50.46 USD
2023-07-28 price ITOT                              138.24 USD
2023-07-28 price VEA                               150.41 USD
2023-07-28 price VHT                                38.22 USD
2023-07-28 price GLD                               308.77 USD
2023-08-04 price VBMPX                             165.67 USD
2023-08-04 price RGAGX                              50.01 USD
2023-08-04 price ITOT                              136.13 USD
2023-08-04 price VEA                               150.95 USD
2023-08-04 price VHT                                37.95 USD
2023-08-04 price GLD                               310.72 USD
2023-08-11 price VBMPX                             163.73 USD
2023-08-11 price RGAGX                              50.84 USD
2023-08-11 price ITOT                              136.91 USD
2023-08-11 price VEA                               151.41 USD
2023-08-11 price VHT                                38.17 USD
2023-08-11 price GLD                               312.88 USD
2023-08-18 price VBMPX                             163.67 USD
2023-08-18 price RGAGX                              51.11 USD
2023-08-18 price ITOT                              136.01 USD
2023-08-18 price VEA                               145.44 USD
2023-08-18 price VHT                                39.12 USD
2023-08-18 price GLD                               314.38 USD
2023-08-25 price VBMPX                             163.95 USD
2023-08-25 price RGAGX                              51.43 USD
2023-08-25 price ITOT                              136.27 USD
2023-08-25 price VEA                               144.99 USD
2023-08-25 price VHT                                39.25 USD
2023-08-25 price GLD                               317.23 USD
2023-09-01 price VBMPX                             162.25 USD
2023-09-01 price RGAGX                              52.88 USD
2023-09-01 price ITOT                              136.92 USD
2023-09-01 price VEA                               146.55 USD
2023-09-01 price VHT                                39.30 USD
2023-09-01 price GLD                               321.23 USD
2023-09-08 price VBMPX                             163.86 USD
2023-09-08 price RGAGX                              52.48 USD
2023-09-08 price ITOT                              136.79 USD
2023-09-08 price VEA                               143.23 USD
2023-09-08 price VHT                                40.57 USD
2023-09-08 price GLD                               317.62 USD
2023-09-15 price VBMPX                             162.19 USD
2023-09-15 price RGAGX                              53.04 USD
2023-09-15 price ITOT                              137.34 USD
2023-09-15 price VEA                               143.58 USD
2023-09-15 price VHT                                40.69 USD
2023-09-15 price GLD                               315.28 USD



* Cash

