;; -*- mode: org; mode: beancount; -*-
;; Birth: 1980-05-12
;; Dates: 2021-01-01 - 2023-08-23
;; THIS FILE HAS BEEN AUTO-GENERATED.
* Options

option "title" "Example Beancount file"
option "operating_currency" "USD"




* Commodities


1792-01-01 commodity USD
  export: "CASH"
  name: "US Dollar"

1900-01-01 commodity VMMXX
  export: "MUTF:VMMXX (MONEY:USD)"

1980-05-12 commodity VACHR
  export: "IGNORE"
  name: "Employer Vacation Hours"

1980-05-12 commodity IRAUSD
  export: "IGNORE"
  name: "US 401k and IRA Contributions"

1995-09-18 commodity VBMPX
  export: "MUTF:VBMPX"
  name: "Vanguard Total Bond Market Index Fund Institutional Plus Shares"
  price: "USD:google/MUTF:VBMPX"

2004-01-20 commodity ITOT
  export: "NYSEARCA:ITOT"
  name: "iShares Core S&P Total U.S. Stock Market ETF"
  price: "USD:google/NYSEARCA:ITOT"

2004-01-26 commodity VHT
  export: "NYSEARCA:VHT"
  name: "Vanguard Health Care ETF"
  price: "USD:google/NYSEARCA:VHT"

2004-11-01 commodity GLD
  export: "NYSEARCA:GLD"
  name: "SPDR Gold Trust (ETF)"
  price: "USD:google/NYSEARCA:GLD"

2007-07-20 commodity VEA
  export: "NYSEARCA:VEA"
  name: "Vanguard FTSE Developed Markets ETF"
  price: "USD:google/NYSEARCA:VEA"

2009-05-01 commodity RGAGX
  export: "MUTF:RGAGX"
  name: "American Funds The Growth Fund of America Class R-6"
  price: "USD:google/MUTF:RGAGX"



* Equity Accounts

1980-05-12 open Equity:Opening-Balances
1980-05-12 open Liabilities:AccountsPayable



* Banking

2021-01-01 open Assets:US:BofA
  address: "123 America Street, LargeTown, USA"
  institution: "Bank of America"
  phone: "+1.012.345.6789"
2021-01-01 open Assets:US:BofA:Checking                        USD
  account: "00234-48574897"

2021-01-01 * "Opening Balance for checking account"
  Assets:US:BofA:Checking                         3931.66 USD
  Equity:Opening-Balances                        -3931.66 USD

2021-01-02 balance Assets:US:BofA:Checking        3931.66 USD

2021-01-04 * "BANK FEES" "Monthly bank fee"
  Assets:US:BofA:Checking                           -4.00 USD
  Expenses:Financial:Fees                            4.00 USD

2021-01-04 * "RiverBank Properties" "Paying the rent"
  Assets:US:BofA:Checking                        -2400.00 USD
  Expenses:Home:Rent                              2400.00 USD

2021-01-08 * "EDISON POWER" ""
  Assets:US:BofA:Checking                          -65.00 USD
  Expenses:Home:Electricity                         65.00 USD

2021-01-19 * "Verizon Wireless" ""
  Assets:US:BofA:Checking                          -72.45 USD
  Expenses:Home:Phone                               72.45 USD

2021-01-21 * "Wine-Tarner Cable" ""
  Assets:US:BofA:Checking                          -79.93 USD
  Expenses:Home:Internet                            79.93 USD

2021-01-23 balance Assets:US:BofA:Checking        3929.58 USD

2021-02-04 * "BANK FEES" "Monthly bank fee"
  Assets:US:BofA:Checking                           -4.00 USD
  Expenses:Financial:Fees                            4.00 USD

2021-02-04 * "RiverBank Properties" "Paying the rent"
  Assets:US:BofA:Checking                        -2400.00 USD
  Expenses:Home:Rent                              2400.00 USD

2021-02-08 * "EDISON POWER" ""
  Assets:US:BofA:Checking                          -65.00 USD
  Expenses:Home:Electricity                         65.00 USD

2021-02-17 balance Assets:US:BofA:Checking        2058.44 USD

2021-02-18 * "Verizon Wireless" ""
  Assets:US:BofA:Checking                          -68.39 USD
  Expenses:Home:Phone                               68.39 USD

2021-02-23 * "Wine-Tarner Cable" ""
  Assets:US:BofA:Checking                          -80.03 USD
  Expenses:Home:Internet                            80.03 USD

2021-03-04 * "BANK FEES" "Monthly bank fee"
  Assets:US:BofA:Checking                           -4.00 USD
  Expenses:Financial:Fees                            4.00 USD

2021-03-05 * "RiverBank Properties" "Paying the rent"
  Assets:US:BofA:Checking                        -2400.00 USD
  Expenses:Home:Rent                              2400.00 USD

2021-03-09 * "EDISON POWER" ""
  Assets:US:BofA:Checking                          -65.00 USD
  Expenses:Home:Electricity                         65.00 USD

2021-03-18 balance Assets:US:BofA:Checking        1546.85 USD

2021-03-18 * "Verizon Wireless" ""
  Assets:US:BofA:Checking                          -47.03 USD
  Expenses:Home:Phone                               47.03 USD

2021-03-21 * "Wine-Tarner Cable" ""
  Assets:US:BofA:Checking                          -80.05 USD
  Expenses:Home:Internet                            80.05 USD

2021-04-04 * "BANK FEES" "Monthly bank fee"
  Assets:US:BofA:Checking                           -4.00 USD
  Expenses:Financial:Fees                            4.00 USD

2021-04-04 * "RiverBank Properties" "Paying the rent"
  Assets:US:BofA:Checking                        -2400.00 USD
  Expenses:Home:Rent                              2400.00 USD

2021-04-09 * "EDISON POWER" ""
  Assets:US:BofA:Checking                          -65.00 USD
  Expenses:Home:Electricity                         65.00 USD

2021-04-12 balance Assets:US:BofA:Checking        1049.67 USD

2021-04-19 * "Verizon Wireless" ""
  Assets:US:BofA:Checking                          -59.59 USD
  Expenses:Home:Phone                               59.59 USD

2021-04-22 * "Wine-Tarner Cable" ""
  Assets:US:BofA:Checking                          -80.04 USD
  Expenses:Home:Internet                            80.04 USD

2021-05-03 * "RiverBank Properties" "Paying the rent"
  Assets:US:BofA:Checking                        -2400.00 USD
  Expenses:Home:Rent                              2400.00 USD

2021-05-04 * "BANK FEES" "Monthly bank fee"
  Assets:US:BofA:Checking                           -4.00 USD
  Expenses:Financial:Fees                            4.00 USD

2021-05-05 balance Assets:US:BofA:Checking        1207.24 USD

2021-05-09 * "EDISON POWER" ""
  Assets:US:BofA:Checking                          -65.00 USD
  Expenses:Home:Electricity                         65.00 USD

2021-05-18 * "Verizon Wireless" ""
  Assets:US:BofA:Checking                          -55.28 USD
  Expenses:Home:Phone                               55.28 USD

2021-05-23 * "Wine-Tarner Cable" ""
  Assets:US:BofA:Checking                          -80.02 USD
  Expenses:Home:Internet                            80.02 USD

2021-06-03 * "RiverBank Properties" "Paying the rent"
  Assets:US:BofA:Checking                        -2400.00 USD
  Expenses:Home:Rent                              2400.00 USD

2021-06-04 balance Assets:US:BofA:Checking         530.93 USD

2021-06-04 * "BANK FEES" "Monthly bank fee"
  Assets:US:BofA:Checking                           -4.00 USD
  Expenses:Financial:Fees                            4.00 USD

2021-06-09 * "EDISON POWER" ""
  Assets:US:BofA:Checking                          -65.00 USD
  Expenses:Home:Electricity                         65.00 USD

2021-06-19 * "Verizon Wireless" ""
  Assets:US:BofA:Checking                          -75.77 USD
  Expenses:Home:Phone                               75.77 USD

2021-06-23 * "Wine-Tarner Cable" ""
  Assets:US:BofA:Checking                          -80.00 USD
  Expenses:Home:Internet                            80.00 USD

2021-06-30 balance Assets:US:BofA:Checking        2545.43 USD

2021-07-04 * "BANK FEES" "Monthly bank fee"
  Assets:US:BofA:Checking                           -4.00 USD
  Expenses:Financial:Fees                            4.00 USD

2021-07-04 * "RiverBank Properties" "Paying the rent"
  Assets:US:BofA:Checking                        -2400.00 USD
  Expenses:Home:Rent                              2400.00 USD

2021-07-08 * "EDISON POWER" ""
  Assets:US:BofA:Checking                          -65.00 USD
  Expenses:Home:Electricity                         65.00 USD

2021-07-20 balance Assets:US:BofA:Checking         699.56 USD

2021-07-20 * "Verizon Wireless" ""
  Assets:US:BofA:Checking                          -40.32 USD
  Expenses:Home:Phone                               40.32 USD

2021-07-22 * "Wine-Tarner Cable" ""
  Assets:US:BofA:Checking                          -80.00 USD
  Expenses:Home:Internet                            80.00 USD

2021-08-04 * "BANK FEES" "Monthly bank fee"
  Assets:US:BofA:Checking                           -4.00 USD
  Expenses:Financial:Fees                            4.00 USD

2021-08-06 * "RiverBank Properties" "Paying the rent"
  Assets:US:BofA:Checking                        -2400.00 USD
  Expenses:Home:Rent                              2400.00 USD

2021-08-08 * "EDISON POWER" ""
  Assets:US:BofA:Checking                          -65.00 USD
  Expenses:Home:Electricity                         65.00 USD

2021-08-16 balance Assets:US:BofA:Checking        1317.17 USD

2021-08-20 * "Verizon Wireless" ""
  Assets:US:BofA:Checking                          -50.87 USD
  Expenses:Home:Phone                               50.87 USD

2021-08-21 * "Wine-Tarner Cable" ""
  Assets:US:BofA:Checking                          -79.99 USD
  Expenses:Home:Internet                            79.99 USD

2021-09-04 * "BANK FEES" "Monthly bank fee"
  Assets:US:BofA:Checking                           -4.00 USD
  Expenses:Financial:Fees                            4.00 USD

2021-09-04 * "RiverBank Properties" "Paying the rent"
  Assets:US:BofA:Checking                        -2400.00 USD
  Expenses:Home:Rent                              2400.00 USD

2021-09-09 * "EDISON POWER" ""
  Assets:US:BofA:Checking                          -65.00 USD
  Expenses:Home:Electricity                         65.00 USD

2021-09-10 balance Assets:US:BofA:Checking        3818.51 USD

2021-09-17 * "Transfering accumulated savings to other account"
  Assets:US:BofA:Checking                           -4500 USD
  Assets:US:ETrade:Cash                              4500 USD

2021-09-18 * "Verizon Wireless" ""
  Assets:US:BofA:Checking                          -52.91 USD
  Expenses:Home:Phone                               52.91 USD

2021-09-21 * "Wine-Tarner Cable" ""
  Assets:US:BofA:Checking                          -79.84 USD
  Expenses:Home:Internet                            79.84 USD

2021-10-04 * "BANK FEES" "Monthly bank fee"
  Assets:US:BofA:Checking                           -4.00 USD
  Expenses:Financial:Fees                            4.00 USD

2021-10-06 balance Assets:US:BofA:Checking        3393.63 USD

2021-10-06 * "RiverBank Properties" "Paying the rent"
  Assets:US:BofA:Checking                        -2400.00 USD
  Expenses:Home:Rent                              2400.00 USD

2021-10-09 * "EDISON POWER" ""
  Assets:US:BofA:Checking                          -65.00 USD
  Expenses:Home:Electricity                         65.00 USD

2021-10-18 * "Verizon Wireless" ""
  Assets:US:BofA:Checking                          -39.87 USD
  Expenses:Home:Phone                               39.87 USD

2021-10-21 * "Wine-Tarner Cable" ""
  Assets:US:BofA:Checking                          -80.06 USD
  Expenses:Home:Internet                            80.06 USD

2021-10-29 balance Assets:US:BofA:Checking        5462.67 USD

2021-11-04 * "BANK FEES" "Monthly bank fee"
  Assets:US:BofA:Checking                           -4.00 USD
  Expenses:Financial:Fees                            4.00 USD

2021-11-06 * "RiverBank Properties" "Paying the rent"
  Assets:US:BofA:Checking                        -2400.00 USD
  Expenses:Home:Rent                              2400.00 USD

2021-11-09 * "EDISON POWER" ""
  Assets:US:BofA:Checking                          -65.00 USD
  Expenses:Home:Electricity                         65.00 USD

2021-11-12 * "Transfering accumulated savings to other account"
  Assets:US:BofA:Checking                           -3500 USD
  Assets:US:ETrade:Cash                              3500 USD

2021-11-18 balance Assets:US:BofA:Checking        1261.24 USD

2021-11-19 * "Verizon Wireless" ""
  Assets:US:BofA:Checking                          -57.81 USD
  Expenses:Home:Phone                               57.81 USD

2021-11-23 * "Wine-Tarner Cable" ""
  Assets:US:BofA:Checking                          -80.10 USD
  Expenses:Home:Internet                            80.10 USD

2021-12-04 * "BANK FEES" "Monthly bank fee"
  Assets:US:BofA:Checking                           -4.00 USD
  Expenses:Financial:Fees                            4.00 USD

2021-12-05 * "RiverBank Properties" "Paying the rent"
  Assets:US:BofA:Checking                        -2400.00 USD
  Expenses:Home:Rent                              2400.00 USD

2021-12-09 * "EDISON POWER" ""
  Assets:US:BofA:Checking                          -65.00 USD
  Expenses:Home:Electricity                         65.00 USD

2021-12-14 balance Assets:US:BofA:Checking        3205.23 USD

2021-12-19 * "Verizon Wireless" ""
  Assets:US:BofA:Checking                          -57.51 USD
  Expenses:Home:Phone                               57.51 USD

2021-12-23 * "Wine-Tarner Cable" ""
  Assets:US:BofA:Checking                          -80.12 USD
  Expenses:Home:Internet                            80.12 USD

2022-01-04 balance Assets:US:BofA:Checking        5899.74 USD

2022-01-04 * "BANK FEES" "Monthly bank fee"
  Assets:US:BofA:Checking                           -4.00 USD
  Expenses:Financial:Fees                            4.00 USD

2022-01-05 * "RiverBank Properties" "Paying the rent"
  Assets:US:BofA:Checking                        -2400.00 USD
  Expenses:Home:Rent                              2400.00 USD

2022-01-08 * "EDISON POWER" ""
  Assets:US:BofA:Checking                          -65.00 USD
  Expenses:Home:Electricity                         65.00 USD

2022-01-19 * "Verizon Wireless" ""
  Assets:US:BofA:Checking                          -50.13 USD
  Expenses:Home:Phone                               50.13 USD

2022-01-23 * "Wine-Tarner Cable" ""
  Assets:US:BofA:Checking                          -80.21 USD
  Expenses:Home:Internet                            80.21 USD

2022-01-26 balance Assets:US:BofA:Checking        5364.91 USD

2022-02-04 * "BANK FEES" "Monthly bank fee"
  Assets:US:BofA:Checking                           -4.00 USD
  Expenses:Financial:Fees                            4.00 USD

2022-02-05 * "RiverBank Properties" "Paying the rent"
  Assets:US:BofA:Checking                        -2400.00 USD
  Expenses:Home:Rent                              2400.00 USD

2022-02-08 * "EDISON POWER" ""
  Assets:US:BofA:Checking                          -65.00 USD
  Expenses:Home:Electricity                         65.00 USD

2022-02-15 balance Assets:US:BofA:Checking        3620.32 USD

2022-02-19 * "Verizon Wireless" ""
  Assets:US:BofA:Checking                          -40.18 USD
  Expenses:Home:Phone                               40.18 USD

2022-02-23 * "Wine-Tarner Cable" ""
  Assets:US:BofA:Checking                          -80.06 USD
  Expenses:Home:Internet                            80.06 USD

2022-03-04 * "BANK FEES" "Monthly bank fee"
  Assets:US:BofA:Checking                           -4.00 USD
  Expenses:Financial:Fees                            4.00 USD

2022-03-04 * "RiverBank Properties" "Paying the rent"
  Assets:US:BofA:Checking                        -2400.00 USD
  Expenses:Home:Rent                              2400.00 USD

2022-03-08 * "EDISON POWER" ""
  Assets:US:BofA:Checking                          -65.00 USD
  Expenses:Home:Electricity                         65.00 USD

2022-03-12 balance Assets:US:BofA:Checking        2973.26 USD

2022-03-20 * "Verizon Wireless" ""
  Assets:US:BofA:Checking                          -54.79 USD
  Expenses:Home:Phone                               54.79 USD

2022-03-21 * "Wine-Tarner Cable" ""
  Assets:US:BofA:Checking                          -79.84 USD
  Expenses:Home:Internet                            79.84 USD

2022-04-04 * "BANK FEES" "Monthly bank fee"
  Assets:US:BofA:Checking                           -4.00 USD
  Expenses:Financial:Fees                            4.00 USD

2022-04-06 * "RiverBank Properties" "Paying the rent"
  Assets:US:BofA:Checking                        -2400.00 USD
  Expenses:Home:Rent                              2400.00 USD

2022-04-08 * "EDISON POWER" ""
  Assets:US:BofA:Checking                          -65.00 USD
  Expenses:Home:Electricity                         65.00 USD

2022-04-11 balance Assets:US:BofA:Checking        2034.52 USD

2022-04-18 * "Verizon Wireless" ""
  Assets:US:BofA:Checking                          -67.07 USD
  Expenses:Home:Phone                               67.07 USD

2022-04-22 * "Wine-Tarner Cable" ""
  Assets:US:BofA:Checking                          -79.84 USD
  Expenses:Home:Internet                            79.84 USD

2022-05-03 * "RiverBank Properties" "Paying the rent"
  Assets:US:BofA:Checking                        -2400.00 USD
  Expenses:Home:Rent                              2400.00 USD

2022-05-04 * "BANK FEES" "Monthly bank fee"
  Assets:US:BofA:Checking                           -4.00 USD
  Expenses:Financial:Fees                            4.00 USD

2022-05-09 balance Assets:US:BofA:Checking        1543.97 USD

2022-05-09 * "EDISON POWER" ""
  Assets:US:BofA:Checking                          -65.00 USD
  Expenses:Home:Electricity                         65.00 USD

2022-05-18 * "Verizon Wireless" ""
  Assets:US:BofA:Checking                          -62.71 USD
  Expenses:Home:Phone                               62.71 USD

2022-05-21 * "Wine-Tarner Cable" ""
  Assets:US:BofA:Checking                          -79.98 USD
  Expenses:Home:Internet                            79.98 USD

2022-06-02 balance Assets:US:BofA:Checking        4037.48 USD

2022-06-04 * "BANK FEES" "Monthly bank fee"
  Assets:US:BofA:Checking                           -4.00 USD
  Expenses:Financial:Fees                            4.00 USD

2022-06-05 * "RiverBank Properties" "Paying the rent"
  Assets:US:BofA:Checking                        -2400.00 USD
  Expenses:Home:Rent                              2400.00 USD

2022-06-08 * "EDISON POWER" ""
  Assets:US:BofA:Checking                          -65.00 USD
  Expenses:Home:Electricity                         65.00 USD

2022-06-20 * "Verizon Wireless" ""
  Assets:US:BofA:Checking                          -35.44 USD
  Expenses:Home:Phone                               35.44 USD

2022-06-22 * "Wine-Tarner Cable" ""
  Assets:US:BofA:Checking                          -80.01 USD
  Expenses:Home:Internet                            80.01 USD

2022-07-01 balance Assets:US:BofA:Checking        3563.59 USD

2022-07-04 * "BANK FEES" "Monthly bank fee"
  Assets:US:BofA:Checking                           -4.00 USD
  Expenses:Financial:Fees                            4.00 USD

2022-07-04 * "RiverBank Properties" "Paying the rent"
  Assets:US:BofA:Checking                        -2400.00 USD
  Expenses:Home:Rent                              2400.00 USD

2022-07-09 * "EDISON POWER" ""
  Assets:US:BofA:Checking                          -65.00 USD
  Expenses:Home:Electricity                         65.00 USD

2022-07-20 * "Verizon Wireless" ""
  Assets:US:BofA:Checking                          -52.22 USD
  Expenses:Home:Phone                               52.22 USD

2022-07-21 * "Wine-Tarner Cable" ""
  Assets:US:BofA:Checking                          -80.12 USD
  Expenses:Home:Internet                            80.12 USD

2022-07-29 balance Assets:US:BofA:Checking        2988.26 USD

2022-08-03 * "RiverBank Properties" "Paying the rent"
  Assets:US:BofA:Checking                        -2400.00 USD
  Expenses:Home:Rent                              2400.00 USD

2022-08-04 * "BANK FEES" "Monthly bank fee"
  Assets:US:BofA:Checking                           -4.00 USD
  Expenses:Financial:Fees                            4.00 USD

2022-08-08 * "EDISON POWER" ""
  Assets:US:BofA:Checking                          -65.00 USD
  Expenses:Home:Electricity                         65.00 USD

2022-08-18 * "Verizon Wireless" ""
  Assets:US:BofA:Checking                          -63.68 USD
  Expenses:Home:Phone                               63.68 USD

2022-08-19 * "Transfering accumulated savings to other account"
  Assets:US:BofA:Checking                           -3000 USD
  Assets:US:ETrade:Cash                              3000 USD

2022-08-23 * "Wine-Tarner Cable" ""
  Assets:US:BofA:Checking                          -79.88 USD
  Expenses:Home:Internet                            79.88 USD

2022-08-28 balance Assets:US:BofA:Checking        1336.29 USD

2022-09-04 * "BANK FEES" "Monthly bank fee"
  Assets:US:BofA:Checking                           -4.00 USD
  Expenses:Financial:Fees                            4.00 USD

2022-09-05 * "RiverBank Properties" "Paying the rent"
  Assets:US:BofA:Checking                        -2400.00 USD
  Expenses:Home:Rent                              2400.00 USD

2022-09-08 * "EDISON POWER" ""
  Assets:US:BofA:Checking                          -65.00 USD
  Expenses:Home:Electricity                         65.00 USD

2022-09-20 * "Verizon Wireless" ""
  Assets:US:BofA:Checking                          -68.67 USD
  Expenses:Home:Phone                               68.67 USD

2022-09-21 balance Assets:US:BofA:Checking        3122.77 USD

2022-09-23 * "Wine-Tarner Cable" ""
  Assets:US:BofA:Checking                          -80.04 USD
  Expenses:Home:Internet                            80.04 USD

2022-10-04 * "BANK FEES" "Monthly bank fee"
  Assets:US:BofA:Checking                           -4.00 USD
  Expenses:Financial:Fees                            4.00 USD

2022-10-06 * "RiverBank Properties" "Paying the rent"
  Assets:US:BofA:Checking                        -2400.00 USD
  Expenses:Home:Rent                              2400.00 USD

2022-10-08 * "EDISON POWER" ""
  Assets:US:BofA:Checking                          -65.00 USD
  Expenses:Home:Electricity                         65.00 USD

2022-10-14 * "Transfering accumulated savings to other account"
  Assets:US:BofA:Checking                           -4000 USD
  Assets:US:ETrade:Cash                              4000 USD

2022-10-18 * "Verizon Wireless" ""
  Assets:US:BofA:Checking                          -67.46 USD
  Expenses:Home:Phone                               67.46 USD

2022-10-21 balance Assets:US:BofA:Checking         909.01 USD

2022-10-21 * "Wine-Tarner Cable" ""
  Assets:US:BofA:Checking                          -79.85 USD
  Expenses:Home:Internet                            79.85 USD

2022-11-03 * "RiverBank Properties" "Paying the rent"
  Assets:US:BofA:Checking                        -2400.00 USD
  Expenses:Home:Rent                              2400.00 USD

2022-11-04 * "BANK FEES" "Monthly bank fee"
  Assets:US:BofA:Checking                           -4.00 USD
  Expenses:Financial:Fees                            4.00 USD

2022-11-08 * "EDISON POWER" ""
  Assets:US:BofA:Checking                          -65.00 USD
  Expenses:Home:Electricity                         65.00 USD

2022-11-13 balance Assets:US:BofA:Checking        3193.34 USD

2022-11-19 * "Verizon Wireless" ""
  Assets:US:BofA:Checking                          -39.18 USD
  Expenses:Home:Phone                               39.18 USD

2022-11-21 * "Wine-Tarner Cable" ""
  Assets:US:BofA:Checking                          -80.05 USD
  Expenses:Home:Internet                            80.05 USD

2022-12-04 * "BANK FEES" "Monthly bank fee"
  Assets:US:BofA:Checking                           -4.00 USD
  Expenses:Financial:Fees                            4.00 USD

2022-12-04 * "RiverBank Properties" "Paying the rent"
  Assets:US:BofA:Checking                        -2400.00 USD
  Expenses:Home:Rent                              2400.00 USD

2022-12-07 balance Assets:US:BofA:Checking        3220.71 USD

2022-12-09 * "EDISON POWER" ""
  Assets:US:BofA:Checking                          -65.00 USD
  Expenses:Home:Electricity                         65.00 USD

2022-12-20 * "Verizon Wireless" ""
  Assets:US:BofA:Checking                          -75.19 USD
  Expenses:Home:Phone                               75.19 USD

2022-12-23 * "Wine-Tarner Cable" ""
  Assets:US:BofA:Checking                          -79.95 USD
  Expenses:Home:Internet                            79.95 USD

2023-01-02 balance Assets:US:BofA:Checking        7763.37 USD

2023-01-04 * "BANK FEES" "Monthly bank fee"
  Assets:US:BofA:Checking                           -4.00 USD
  Expenses:Financial:Fees                            4.00 USD

2023-01-06 * "RiverBank Properties" "Paying the rent"
  Assets:US:BofA:Checking                        -2400.00 USD
  Expenses:Home:Rent                              2400.00 USD

2023-01-08 * "EDISON POWER" ""
  Assets:US:BofA:Checking                          -65.00 USD
  Expenses:Home:Electricity                         65.00 USD

2023-01-19 * "Verizon Wireless" ""
  Assets:US:BofA:Checking                          -66.49 USD
  Expenses:Home:Phone                               66.49 USD

2023-01-23 * "Wine-Tarner Cable" ""
  Assets:US:BofA:Checking                          -79.89 USD
  Expenses:Home:Internet                            79.89 USD

2023-01-24 balance Assets:US:BofA:Checking        7408.68 USD

2023-02-04 * "BANK FEES" "Monthly bank fee"
  Assets:US:BofA:Checking                           -4.00 USD
  Expenses:Financial:Fees                            4.00 USD

2023-02-04 * "RiverBank Properties" "Paying the rent"
  Assets:US:BofA:Checking                        -2400.00 USD
  Expenses:Home:Rent                              2400.00 USD

2023-02-09 * "EDISON POWER" ""
  Assets:US:BofA:Checking                          -65.00 USD
  Expenses:Home:Electricity                         65.00 USD

2023-02-16 balance Assets:US:BofA:Checking        5370.80 USD

2023-02-19 * "Verizon Wireless" ""
  Assets:US:BofA:Checking                          -63.05 USD
  Expenses:Home:Phone                               63.05 USD

2023-02-21 * "Wine-Tarner Cable" ""
  Assets:US:BofA:Checking                          -80.03 USD
  Expenses:Home:Internet                            80.03 USD

2023-03-04 * "BANK FEES" "Monthly bank fee"
  Assets:US:BofA:Checking                           -4.00 USD
  Expenses:Financial:Fees                            4.00 USD

2023-03-05 * "RiverBank Properties" "Paying the rent"
  Assets:US:BofA:Checking                        -2400.00 USD
  Expenses:Home:Rent                              2400.00 USD

2023-03-08 * "EDISON POWER" ""
  Assets:US:BofA:Checking                          -65.00 USD
  Expenses:Home:Electricity                         65.00 USD

2023-03-14 balance Assets:US:BofA:Checking        4975.63 USD

2023-03-19 * "Verizon Wireless" ""
  Assets:US:BofA:Checking                          -68.39 USD
  Expenses:Home:Phone                               68.39 USD

2023-03-22 * "Wine-Tarner Cable" ""
  Assets:US:BofA:Checking                          -79.99 USD
  Expenses:Home:Internet                            79.99 USD

2023-04-04 * "BANK FEES" "Monthly bank fee"
  Assets:US:BofA:Checking                           -4.00 USD
  Expenses:Financial:Fees                            4.00 USD

2023-04-04 * "RiverBank Properties" "Paying the rent"
  Assets:US:BofA:Checking                        -2400.00 USD
  Expenses:Home:Rent                              2400.00 USD

2023-04-08 balance Assets:US:BofA:Checking        4359.27 USD

2023-04-09 * "EDISON POWER" ""
  Assets:US:BofA:Checking                          -65.00 USD
  Expenses:Home:Electricity                         65.00 USD

2023-04-19 * "Verizon Wireless" ""
  Assets:US:BofA:Checking                          -63.54 USD
  Expenses:Home:Phone                               63.54 USD

2023-04-22 * "Wine-Tarner Cable" ""
  Assets:US:BofA:Checking                          -80.07 USD
  Expenses:Home:Internet                            80.07 USD

2023-05-03 * "RiverBank Properties" "Paying the rent"
  Assets:US:BofA:Checking                        -2400.00 USD
  Expenses:Home:Rent                              2400.00 USD

2023-05-04 balance Assets:US:BofA:Checking        3786.44 USD

2023-05-04 * "BANK FEES" "Monthly bank fee"
  Assets:US:BofA:Checking                           -4.00 USD
  Expenses:Financial:Fees                            4.00 USD

2023-05-09 * "EDISON POWER" ""
  Assets:US:BofA:Checking                          -65.00 USD
  Expenses:Home:Electricity                         65.00 USD

2023-05-20 * "Verizon Wireless" ""
  Assets:US:BofA:Checking                          -68.22 USD
  Expenses:Home:Phone                               68.22 USD

2023-05-21 * "Wine-Tarner Cable" ""
  Assets:US:BofA:Checking                          -80.16 USD
  Expenses:Home:Internet                            80.16 USD

2023-05-25 balance Assets:US:BofA:Checking        4261.68 USD

2023-06-03 * "RiverBank Properties" "Paying the rent"
  Assets:US:BofA:Checking                        -2400.00 USD
  Expenses:Home:Rent                              2400.00 USD

2023-06-04 * "BANK FEES" "Monthly bank fee"
  Assets:US:BofA:Checking                           -4.00 USD
  Expenses:Financial:Fees                            4.00 USD

2023-06-09 * "EDISON POWER" ""
  Assets:US:BofA:Checking                          -65.00 USD
  Expenses:Home:Electricity                         65.00 USD

2023-06-15 balance Assets:US:BofA:Checking        3801.11 USD

2023-06-18 * "Verizon Wireless" ""
  Assets:US:BofA:Checking                          -54.00 USD
  Expenses:Home:Phone                               54.00 USD

2023-06-21 * "Wine-Tarner Cable" ""
  Assets:US:BofA:Checking                          -80.11 USD
  Expenses:Home:Internet                            80.11 USD

2023-07-04 * "BANK FEES" "Monthly bank fee"
  Assets:US:BofA:Checking                           -4.00 USD
  Expenses:Financial:Fees                            4.00 USD

2023-07-04 * "RiverBank Properties" "Paying the rent"
  Assets:US:BofA:Checking                        -2400.00 USD
  Expenses:Home:Rent                              2400.00 USD

2023-07-07 * "Transfering accumulated savings to other account"
  Assets:US:BofA:Checking                           -3000 USD
  Assets:US:ETrade:Cash                              3000 USD

2023-07-09 * "EDISON POWER" ""
  Assets:US:BofA:Checking                          -65.00 USD
  Expenses:Home:Electricity                         65.00 USD

2023-07-10 balance Assets:US:BofA:Checking         289.14 USD

2023-07-20 * "Verizon Wireless" ""
  Assets:US:BofA:Checking                          -79.05 USD
  Expenses:Home:Phone                               79.05 USD

2023-07-21 * "Wine-Tarner Cable" ""
  Assets:US:BofA:Checking                          -79.96 USD
  Expenses:Home:Internet                            79.96 USD

2023-08-04 * "BANK FEES" "Monthly bank fee"
  Assets:US:BofA:Checking                           -4.00 USD
  Expenses:Financial:Fees                            4.00 USD

2023-08-04 * "Transfering accumulated savings to other account"
  Assets:US:BofA:Checking                           -3000 USD
  Assets:US:ETrade:Cash                              3000 USD

2023-08-09 balance Assets:US:BofA:Checking         527.33 USD



* Credit-Cards

1980-05-12 open Liabilities:US:Chase:Slate                      USD

2021-01-02 * "Cafe Modagor" "Eating out with Natasha"
  Liabilities:US:Chase:Slate                       -26.52 USD
  Expenses:Food:Restaurant                          26.52 USD

2021-01-04 * "Cafe Modagor" "Eating out with Natasha"
  Liabilities:US:Chase:Slate                       -26.95 USD
  Expenses:Food:Restaurant                          26.95 USD

2021-01-07 * "Rose Flower" "Eating out with work buddies"
  Liabilities:US:Chase:Slate                       -28.43 USD
  Expenses:Food:Restaurant                          28.43 USD

2021-01-07 * "Chase:Slate" "Paying off credit card"
  Liabilities:US:Chase:Slate                        81.90 USD
  Assets:US:BofA:Checking                          -81.90 USD

2021-01-09 * "Chichipotle" "Eating out with Joe"
  Liabilities:US:Chase:Slate                       -20.93 USD
  Expenses:Food:Restaurant                          20.93 USD

2021-01-12 * "Good Moods Market" "Buying groceries"
  Liabilities:US:Chase:Slate                      -109.85 USD
  Expenses:Food:Groceries                          109.85 USD

2021-01-14 * "Cafe Modagor" "Eating out after work"
  Liabilities:US:Chase:Slate                       -25.40 USD
  Expenses:Food:Restaurant                          25.40 USD

2021-01-16 * "Chichipotle" "Eating out with Julie"
  Liabilities:US:Chase:Slate                       -35.87 USD
  Expenses:Food:Restaurant                          35.87 USD

2021-01-19 * "Cafe Modagor" "Eating out with Bill"
  Liabilities:US:Chase:Slate                       -14.28 USD
  Expenses:Food:Restaurant                          14.28 USD

2021-01-20 * "Chichipotle" "Eating out alone"
  Liabilities:US:Chase:Slate                       -49.44 USD
  Expenses:Food:Restaurant                          49.44 USD

2021-01-25 * "China Garden" "Eating out "
  Liabilities:US:Chase:Slate                       -25.87 USD
  Expenses:Food:Restaurant                          25.87 USD

2021-01-28 balance Liabilities:US:Chase:Slate     -281.64 USD

2021-01-28 * "Kin Soy" "Eating out with Bill"
  Liabilities:US:Chase:Slate                       -38.23 USD
  Expenses:Food:Restaurant                          38.23 USD

2021-02-01 * "Farmer Fresh" "Buying groceries"
  Liabilities:US:Chase:Slate                       -80.21 USD
  Expenses:Food:Groceries                           80.21 USD

2021-02-02 * "Uncle Boons" "Eating out alone"
  Liabilities:US:Chase:Slate                       -15.67 USD
  Expenses:Food:Restaurant                          15.67 USD

2021-02-03 * "Uncle Boons" "Eating out with Natasha"
  Liabilities:US:Chase:Slate                       -24.02 USD
  Expenses:Food:Restaurant                          24.02 USD

2021-02-03 * "Metro Transport Authority" "Tram tickets"
  Liabilities:US:Chase:Slate                      -120.00 USD
  Expenses:Transport:Tram                          120.00 USD

2021-02-05 * "Rose Flower" "Eating out with Julie"
  Liabilities:US:Chase:Slate                       -24.52 USD
  Expenses:Food:Restaurant                          24.52 USD

2021-02-06 * "Goba Goba" "Eating out after work"
  Liabilities:US:Chase:Slate                       -47.37 USD
  Expenses:Food:Restaurant                          47.37 USD

2021-02-08 * "Rose Flower" "Eating out with work buddies"
  Liabilities:US:Chase:Slate                       -44.48 USD
  Expenses:Food:Restaurant                          44.48 USD

2021-02-09 * "Kin Soy" "Eating out with Natasha"
  Liabilities:US:Chase:Slate                       -58.38 USD
  Expenses:Food:Restaurant                          58.38 USD

2021-02-10 * "Chase:Slate" "Paying off credit card"
  Liabilities:US:Chase:Slate                       752.74 USD
  Assets:US:BofA:Checking                         -752.74 USD

2021-02-12 * "Chichipotle" "Eating out with Natasha"
  Liabilities:US:Chase:Slate                       -18.22 USD
  Expenses:Food:Restaurant                          18.22 USD

2021-02-15 * "Goba Goba" "Eating out after work"
  Liabilities:US:Chase:Slate                       -41.92 USD
  Expenses:Food:Restaurant                          41.92 USD

2021-02-17 balance Liabilities:US:Chase:Slate      -41.92 USD

2021-02-17 * "Good Moods Market" "Buying groceries"
  Liabilities:US:Chase:Slate                      -104.04 USD
  Expenses:Food:Groceries                          104.04 USD

2021-02-20 * "Rose Flower" "Eating out with Natasha"
  Liabilities:US:Chase:Slate                       -40.02 USD
  Expenses:Food:Restaurant                          40.02 USD

2021-02-21 * "Jewel of Morroco" "Eating out alone"
  Liabilities:US:Chase:Slate                       -22.51 USD
  Expenses:Food:Restaurant                          22.51 USD

2021-02-23 * "Kin Soy" "Eating out alone"
  Liabilities:US:Chase:Slate                       -31.90 USD
  Expenses:Food:Restaurant                          31.90 USD

2021-02-24 * "Corner Deli" "Buying groceries"
  Liabilities:US:Chase:Slate                      -106.19 USD
  Expenses:Food:Groceries                          106.19 USD

2021-02-28 * "China Garden" "Eating out with Julie"
  Liabilities:US:Chase:Slate                       -27.50 USD
  Expenses:Food:Restaurant                          27.50 USD

2021-03-05 * "Uncle Boons" "Eating out after work"
  Liabilities:US:Chase:Slate                       -19.57 USD
  Expenses:Food:Restaurant                          19.57 USD

2021-03-06 * "Metro Transport Authority" "Tram tickets"
  Liabilities:US:Chase:Slate                      -120.00 USD
  Expenses:Transport:Tram                          120.00 USD

2021-03-07 * "Chichipotle" "Eating out "
  Liabilities:US:Chase:Slate                       -63.58 USD
  Expenses:Food:Restaurant                          63.58 USD

2021-03-10 * "Kin Soy" "Eating out with Julie"
  Liabilities:US:Chase:Slate                       -18.14 USD
  Expenses:Food:Restaurant                          18.14 USD

2021-03-10 * "Chase:Slate" "Paying off credit card"
  Liabilities:US:Chase:Slate                       595.37 USD
  Assets:US:BofA:Checking                         -595.37 USD

2021-03-14 * "Chichipotle" "Eating out with Joe"
  Liabilities:US:Chase:Slate                       -35.79 USD
  Expenses:Food:Restaurant                          35.79 USD

2021-03-16 balance Liabilities:US:Chase:Slate      -35.79 USD

2021-03-16 * "Onion Market" "Buying groceries"
  Liabilities:US:Chase:Slate                       -46.13 USD
  Expenses:Food:Groceries                           46.13 USD

2021-03-19 * "Kin Soy" "Eating out with Natasha"
  Liabilities:US:Chase:Slate                       -14.46 USD
  Expenses:Food:Restaurant                          14.46 USD

2021-03-22 * "Uncle Boons" "Eating out with Joe"
  Liabilities:US:Chase:Slate                       -27.45 USD
  Expenses:Food:Restaurant                          27.45 USD

2021-03-27 * "Uncle Boons" "Eating out with Bill"
  Liabilities:US:Chase:Slate                       -49.48 USD
  Expenses:Food:Restaurant                          49.48 USD

2021-03-28 * "Good Moods Market" "Buying groceries"
  Liabilities:US:Chase:Slate                       -81.43 USD
  Expenses:Food:Groceries                           81.43 USD

2021-03-30 * "Goba Goba" "Eating out with work buddies"
  Liabilities:US:Chase:Slate                       -33.58 USD
  Expenses:Food:Restaurant                          33.58 USD

2021-04-03 * "Kin Soy" "Eating out with Joe"
  Liabilities:US:Chase:Slate                       -59.09 USD
  Expenses:Food:Restaurant                          59.09 USD

2021-04-03 * "Onion Market" "Buying groceries"
  Liabilities:US:Chase:Slate                       -73.25 USD
  Expenses:Food:Groceries                           73.25 USD

2021-04-04 * "Metro Transport Authority" "Tram tickets"
  Liabilities:US:Chase:Slate                      -120.00 USD
  Expenses:Transport:Tram                          120.00 USD

2021-04-07 * "Rose Flower" "Eating out with Bill"
  Liabilities:US:Chase:Slate                       -38.82 USD
  Expenses:Food:Restaurant                          38.82 USD

2021-04-10 * "Chase:Slate" "Paying off credit card"
  Liabilities:US:Chase:Slate                       602.30 USD
  Assets:US:BofA:Checking                         -602.30 USD

2021-04-12 * "Jewel of Morroco" "Eating out with Natasha"
  Liabilities:US:Chase:Slate                       -22.82 USD
  Expenses:Food:Restaurant                          22.82 USD

2021-04-15 balance Liabilities:US:Chase:Slate           0 USD

2021-04-15 * "Uncle Boons" "Eating out alone"
  Liabilities:US:Chase:Slate                       -52.93 USD
  Expenses:Food:Restaurant                          52.93 USD

2021-04-17 * "Onion Market" "Buying groceries"
  Liabilities:US:Chase:Slate                      -129.21 USD
  Expenses:Food:Groceries                          129.21 USD

2021-04-20 * "Chichipotle" "Eating out with Natasha"
  Liabilities:US:Chase:Slate                       -36.40 USD
  Expenses:Food:Restaurant                          36.40 USD

2021-04-24 * "Cafe Modagor" "Eating out with work buddies"
  Liabilities:US:Chase:Slate                       -21.37 USD
  Expenses:Food:Restaurant                          21.37 USD

2021-04-25 * "Corner Deli" "Buying groceries"
  Liabilities:US:Chase:Slate                      -117.16 USD
  Expenses:Food:Groceries                          117.16 USD

2021-04-27 * "Chichipotle" "Eating out alone"
  Liabilities:US:Chase:Slate                       -41.76 USD
  Expenses:Food:Restaurant                          41.76 USD

2021-04-30 * "Kin Soy" "Eating out alone"
  Liabilities:US:Chase:Slate                       -19.22 USD
  Expenses:Food:Restaurant                          19.22 USD

2021-05-04 * "Rose Flower" "Eating out with Julie"
  Liabilities:US:Chase:Slate                       -32.27 USD
  Expenses:Food:Restaurant                          32.27 USD

2021-05-05 * "Metro Transport Authority" "Tram tickets"
  Liabilities:US:Chase:Slate                      -120.00 USD
  Expenses:Transport:Tram                          120.00 USD

2021-05-06 * "Onion Market" "Buying groceries"
  Liabilities:US:Chase:Slate                      -109.75 USD
  Expenses:Food:Groceries                          109.75 USD

2021-05-07 * "Cafe Modagor" "Eating out with Joe"
  Liabilities:US:Chase:Slate                       -27.95 USD
  Expenses:Food:Restaurant                          27.95 USD

2021-05-09 balance Liabilities:US:Chase:Slate     -708.02 USD

2021-05-09 * "Goba Goba" "Eating out after work"
  Liabilities:US:Chase:Slate                       -15.39 USD
  Expenses:Food:Restaurant                          15.39 USD

2021-05-11 * "Chase:Slate" "Paying off credit card"
  Liabilities:US:Chase:Slate                       777.21 USD
  Assets:US:BofA:Checking                         -777.21 USD

2021-05-13 * "Jewel of Morroco" "Eating out with work buddies"
  Liabilities:US:Chase:Slate                       -53.80 USD
  Expenses:Food:Restaurant                          53.80 USD

2021-05-15 * "Kin Soy" "Eating out with Joe"
  Liabilities:US:Chase:Slate                       -29.83 USD
  Expenses:Food:Restaurant                          29.83 USD

2021-05-19 * "Uncle Boons" "Eating out after work"
  Liabilities:US:Chase:Slate                       -30.10 USD
  Expenses:Food:Restaurant                          30.10 USD

2021-05-22 * "Goba Goba" "Eating out with Natasha"
  Liabilities:US:Chase:Slate                       -21.42 USD
  Expenses:Food:Restaurant                          21.42 USD

2021-05-25 * "Goba Goba" "Eating out with Julie"
  Liabilities:US:Chase:Slate                       -15.35 USD
  Expenses:Food:Restaurant                          15.35 USD

2021-05-25 * "Onion Market" "Buying groceries"
  Liabilities:US:Chase:Slate                      -107.95 USD
  Expenses:Food:Groceries                          107.95 USD

2021-05-28 * "Uncle Boons" "Eating out after work"
  Liabilities:US:Chase:Slate                       -25.94 USD
  Expenses:Food:Restaurant                          25.94 USD

2021-05-31 * "Uncle Boons" "Eating out with Julie"
  Liabilities:US:Chase:Slate                       -50.58 USD
  Expenses:Food:Restaurant                          50.58 USD

2021-06-03 balance Liabilities:US:Chase:Slate     -281.17 USD

2021-06-05 * "Jewel of Morroco" "Eating out with Joe"
  Liabilities:US:Chase:Slate                       -48.67 USD
  Expenses:Food:Restaurant                          48.67 USD

2021-06-05 * "Metro Transport Authority" "Tram tickets"
  Liabilities:US:Chase:Slate                      -120.00 USD
  Expenses:Transport:Tram                          120.00 USD

2021-06-07 * "Chase:Slate" "Paying off credit card"
  Liabilities:US:Chase:Slate                       461.93 USD
  Assets:US:BofA:Checking                         -461.93 USD

2021-06-10 * "China Garden" "Eating out with Joe"
  Liabilities:US:Chase:Slate                       -12.09 USD
  Expenses:Food:Restaurant                          12.09 USD

2021-06-14 * "Onion Market" "Buying groceries"
  Liabilities:US:Chase:Slate                       -78.24 USD
  Expenses:Food:Groceries                           78.24 USD

2021-06-15 * "Chichipotle" "Eating out alone"
  Liabilities:US:Chase:Slate                       -17.59 USD
  Expenses:Food:Restaurant                          17.59 USD

2021-06-18 * "Jewel of Morroco" "Eating out alone"
  Liabilities:US:Chase:Slate                       -19.89 USD
  Expenses:Food:Restaurant                          19.89 USD

2021-06-19 * "Good Moods Market" "Buying groceries"
  Liabilities:US:Chase:Slate                       -77.99 USD
  Expenses:Food:Groceries                           77.99 USD

2021-06-21 * "China Garden" "Eating out with Bill"
  Liabilities:US:Chase:Slate                       -28.09 USD
  Expenses:Food:Restaurant                          28.09 USD

2021-06-22 * "Kin Soy" "Eating out with Joe"
  Liabilities:US:Chase:Slate                       -29.33 USD
  Expenses:Food:Restaurant                          29.33 USD

2021-06-23 * "Uncle Boons" "Eating out with Julie"
  Liabilities:US:Chase:Slate                       -75.67 USD
  Expenses:Food:Restaurant                          75.67 USD

2021-06-24 balance Liabilities:US:Chase:Slate     -326.80 USD

2021-06-28 * "Kin Soy" "Eating out with Joe"
  Liabilities:US:Chase:Slate                       -35.83 USD
  Expenses:Food:Restaurant                          35.83 USD

2021-06-29 * "China Garden" "Eating out alone"
  Liabilities:US:Chase:Slate                       -44.35 USD
  Expenses:Food:Restaurant                          44.35 USD

2021-06-30 * "Onion Market" "Buying groceries"
  Liabilities:US:Chase:Slate                       -88.76 USD
  Expenses:Food:Groceries                           88.76 USD

2021-07-04 * "Jewel of Morroco" "Eating out with Natasha"
  Liabilities:US:Chase:Slate                       -24.03 USD
  Expenses:Food:Restaurant                          24.03 USD

2021-07-07 * "Chichipotle" "Eating out with Bill"
  Liabilities:US:Chase:Slate                       -69.03 USD
  Expenses:Food:Restaurant                          69.03 USD

2021-07-08 * "Metro Transport Authority" "Tram tickets"
  Liabilities:US:Chase:Slate                      -120.00 USD
  Expenses:Transport:Tram                          120.00 USD

2021-07-09 * "Rose Flower" "Eating out with Julie"
  Liabilities:US:Chase:Slate                       -18.67 USD
  Expenses:Food:Restaurant                          18.67 USD

2021-07-09 * "Chase:Slate" "Paying off credit card"
  Liabilities:US:Chase:Slate                       727.47 USD
  Assets:US:BofA:Checking                         -727.47 USD

2021-07-10 * "Cafe Modagor" "Eating out with work buddies"
  Liabilities:US:Chase:Slate                       -33.35 USD
  Expenses:Food:Restaurant                          33.35 USD

2021-07-11 event "location" "Los Angeles"

2021-07-13 * "Mr. Marcel" "" #trip-los-angeles-2021
  Liabilities:US:Chase:Slate                       -52.70 USD
  Expenses:Food:Restaurant                          52.70 USD

2021-07-13 * "Banana Leaf" "" #trip-los-angeles-2021
  Liabilities:US:Chase:Slate                       -25.70 USD
  Expenses:Food:Restaurant                          25.70 USD

2021-07-15 * "Mr. Marcel" "" #trip-los-angeles-2021
  Liabilities:US:Chase:Slate                       -38.22 USD
  Expenses:Food:Restaurant                          38.22 USD

2021-07-15 * "Dupar's" "" #trip-los-angeles-2021
  Liabilities:US:Chase:Slate                       -18.78 USD
  Expenses:Food:Restaurant                          18.78 USD

2021-07-16 * "Chipotle" "" #trip-los-angeles-2021
  Liabilities:US:Chase:Slate                       -16.40 USD
  Expenses:Food:Restaurant                          16.40 USD

2021-07-16 * "E.B.'s Beer and Wine" "" #trip-los-angeles-2021
  Liabilities:US:Chase:Slate                       -10.59 USD
  Expenses:Food:Alcohol                             10.59 USD

2021-07-17 balance Liabilities:US:Chase:Slate     -195.74 USD

2021-07-17 * "Mr. Marcel" "" #trip-los-angeles-2021
  Liabilities:US:Chase:Slate                       -35.87 USD
  Expenses:Food:Restaurant                          35.87 USD

2021-07-17 * "Banana Leaf" "" #trip-los-angeles-2021
  Liabilities:US:Chase:Slate                       -23.09 USD
  Expenses:Food:Restaurant                          23.09 USD

2021-07-17 * "Dupar's" "" #trip-los-angeles-2021
  Liabilities:US:Chase:Slate                       -24.62 USD
  Expenses:Food:Restaurant                          24.62 USD

2021-07-17 * "Chipotle" "" #trip-los-angeles-2021
  Liabilities:US:Chase:Slate                       -16.42 USD
  Expenses:Food:Restaurant                          16.42 USD

2021-07-17 * "E.B.'s Beer and Wine" "" #trip-los-angeles-2021
  Liabilities:US:Chase:Slate                       -12.50 USD
  Expenses:Food:Alcohol                             12.50 USD

2021-07-18 * "Mr. Marcel" "" #trip-los-angeles-2021
  Liabilities:US:Chase:Slate                       -31.79 USD
  Expenses:Food:Restaurant                          31.79 USD

2021-07-18 * "Dupar's" "" #trip-los-angeles-2021
  Liabilities:US:Chase:Slate                       -31.46 USD
  Expenses:Food:Restaurant                          31.46 USD

2021-07-18 * "E.B.'s Beer and Wine" "" #trip-los-angeles-2021
  Liabilities:US:Chase:Slate                        -9.28 USD
  Expenses:Food:Alcohol                              9.28 USD

2021-07-19 * "Banana Leaf" "" #trip-los-angeles-2021
  Liabilities:US:Chase:Slate                       -24.48 USD
  Expenses:Food:Restaurant                          24.48 USD

2021-07-19 * "Dupar's" "" #trip-los-angeles-2021
  Liabilities:US:Chase:Slate                       -30.77 USD
  Expenses:Food:Restaurant                          30.77 USD

2021-07-19 * "Pampas Grill" "" #trip-los-angeles-2021
  Liabilities:US:Chase:Slate                       -25.26 USD
  Expenses:Food:Restaurant                          25.26 USD

2021-07-19 * "Chipotle" "" #trip-los-angeles-2021
  Liabilities:US:Chase:Slate                       -15.33 USD
  Expenses:Food:Restaurant                          15.33 USD

2021-07-19 * "E.B.'s Beer and Wine" "" #trip-los-angeles-2021
  Liabilities:US:Chase:Slate                        -9.28 USD
  Expenses:Food:Alcohol                              9.28 USD

2021-07-20 * "Pampas Grill" "" #trip-los-angeles-2021
  Liabilities:US:Chase:Slate                       -22.45 USD
  Expenses:Food:Restaurant                          22.45 USD

2021-07-20 * "E.B.'s Beer and Wine" "" #trip-los-angeles-2021
  Liabilities:US:Chase:Slate                       -10.57 USD
  Expenses:Food:Alcohol                             10.57 USD

2021-07-21 * "Mr. Marcel" "" #trip-los-angeles-2021
  Liabilities:US:Chase:Slate                       -38.97 USD
  Expenses:Food:Restaurant                          38.97 USD

2021-07-22 * "Mr. Marcel" "" #trip-los-angeles-2021
  Liabilities:US:Chase:Slate                       -45.18 USD
  Expenses:Food:Restaurant                          45.18 USD

2021-07-22 * "Banana Leaf" "" #trip-los-angeles-2021
  Liabilities:US:Chase:Slate                       -29.53 USD
  Expenses:Food:Restaurant                          29.53 USD

2021-07-22 * "Pampas Grill" "" #trip-los-angeles-2021
  Liabilities:US:Chase:Slate                       -22.11 USD
  Expenses:Food:Restaurant                          22.11 USD

2021-07-22 * "Chipotle" "" #trip-los-angeles-2021
  Liabilities:US:Chase:Slate                       -15.10 USD
  Expenses:Food:Restaurant                          15.10 USD

2021-07-22 * "E.B.'s Beer and Wine" "" #trip-los-angeles-2021
  Liabilities:US:Chase:Slate                        -6.58 USD
  Expenses:Food:Alcohol                              6.58 USD

2021-07-23 * "Banana Leaf" "" #trip-los-angeles-2021
  Liabilities:US:Chase:Slate                       -22.97 USD
  Expenses:Food:Restaurant                          22.97 USD

2021-07-23 * "Dupar's" "" #trip-los-angeles-2021
  Liabilities:US:Chase:Slate                       -35.14 USD
  Expenses:Food:Restaurant                          35.14 USD

2021-07-24 * "Dupar's" "" #trip-los-angeles-2021
  Liabilities:US:Chase:Slate                       -26.81 USD
  Expenses:Food:Restaurant                          26.81 USD

2021-07-27 * "Dupar's" "" #trip-los-angeles-2021
  Liabilities:US:Chase:Slate                       -30.15 USD
  Expenses:Food:Restaurant                          30.15 USD

2021-07-29 * "Mr. Marcel" "" #trip-los-angeles-2021
  Liabilities:US:Chase:Slate                       -31.20 USD
  Expenses:Food:Restaurant                          31.20 USD

2021-07-29 * "Banana Leaf" "" #trip-los-angeles-2021
  Liabilities:US:Chase:Slate                       -24.33 USD
  Expenses:Food:Restaurant                          24.33 USD

2021-07-30 * "Rose Flower" "Eating out alone"
  Liabilities:US:Chase:Slate                       -34.15 USD
  Expenses:Food:Restaurant                          34.15 USD

2021-07-30 * "Onion Market" "Buying groceries"
  Liabilities:US:Chase:Slate                       -87.82 USD
  Expenses:Food:Groceries                           87.82 USD

2021-07-30 * "Dupar's" "" #trip-los-angeles-2021
  Liabilities:US:Chase:Slate                       -31.00 USD
  Expenses:Food:Restaurant                          31.00 USD

2021-07-30 * "Consume vacation days"
  Assets:US:Hooli:Vacation                           -152 VACHR
  Expenses:Vacation                                   152 VACHR

2021-07-30 event "location" "New Metropolis"

2021-08-02 * "Uncle Boons" "Eating out after work"
  Liabilities:US:Chase:Slate                       -21.76 USD
  Expenses:Food:Restaurant                          21.76 USD

2021-08-07 * "Rose Flower" "Eating out "
  Liabilities:US:Chase:Slate                       -17.19 USD
  Expenses:Food:Restaurant                          17.19 USD

2021-08-07 * "Metro Transport Authority" "Tram tickets"
  Liabilities:US:Chase:Slate                      -120.00 USD
  Expenses:Transport:Tram                          120.00 USD

2021-08-07 * "Chase:Slate" "Paying off credit card"
  Liabilities:US:Chase:Slate                       194.27 USD
  Assets:US:BofA:Checking                         -194.27 USD

2021-08-08 balance Liabilities:US:Chase:Slate     -964.63 USD

2021-08-11 * "Rose Flower" "Eating out alone"
  Liabilities:US:Chase:Slate                       -37.99 USD
  Expenses:Food:Restaurant                          37.99 USD

2021-08-12 * "Good Moods Market" "Buying groceries"
  Liabilities:US:Chase:Slate                       -86.46 USD
  Expenses:Food:Groceries                           86.46 USD

2021-08-15 * "Cafe Modagor" "Eating out with Joe"
  Liabilities:US:Chase:Slate                       -69.24 USD
  Expenses:Food:Restaurant                          69.24 USD

2021-08-19 * "Rose Flower" "Eating out with work buddies"
  Liabilities:US:Chase:Slate                       -49.68 USD
  Expenses:Food:Restaurant                          49.68 USD

2021-08-23 * "Cafe Modagor" "Eating out with work buddies"
  Liabilities:US:Chase:Slate                       -32.30 USD
  Expenses:Food:Restaurant                          32.30 USD

2021-08-24 * "Onion Market" "Buying groceries"
  Liabilities:US:Chase:Slate                       -93.02 USD
  Expenses:Food:Groceries                           93.02 USD

2021-08-27 * "Rose Flower" "Eating out after work"
  Liabilities:US:Chase:Slate                       -45.53 USD
  Expenses:Food:Restaurant                          45.53 USD

2021-09-01 * "China Garden" "Eating out with Natasha"
  Liabilities:US:Chase:Slate                       -29.52 USD
  Expenses:Food:Restaurant                          29.52 USD

2021-09-03 * "Rose Flower" "Eating out after work"
  Liabilities:US:Chase:Slate                       -21.17 USD
  Expenses:Food:Restaurant                          21.17 USD

2021-09-04 * "Jewel of Morroco" "Eating out with work buddies"
  Liabilities:US:Chase:Slate                       -61.07 USD
  Expenses:Food:Restaurant                          61.07 USD

2021-09-06 balance Liabilities:US:Chase:Slate    -1490.61 USD

2021-09-07 * "Cafe Modagor" "Eating out "
  Liabilities:US:Chase:Slate                       -26.65 USD
  Expenses:Food:Restaurant                          26.65 USD

2021-09-08 * "Corner Deli" "Buying groceries"
  Liabilities:US:Chase:Slate                       -63.61 USD
  Expenses:Food:Groceries                           63.61 USD

2021-09-09 * "Metro Transport Authority" "Tram tickets"
  Liabilities:US:Chase:Slate                      -120.00 USD
  Expenses:Transport:Tram                          120.00 USD

2021-09-11 * "Chase:Slate" "Paying off credit card"
  Liabilities:US:Chase:Slate                       889.33 USD
  Assets:US:BofA:Checking                         -889.33 USD

2021-09-12 * "Chichipotle" "Eating out "
  Liabilities:US:Chase:Slate                       -33.09 USD
  Expenses:Food:Restaurant                          33.09 USD

2021-09-14 * "Chichipotle" "Eating out alone"
  Liabilities:US:Chase:Slate                       -28.07 USD
  Expenses:Food:Restaurant                          28.07 USD

2021-09-18 * "China Garden" "Eating out with Bill"
  Liabilities:US:Chase:Slate                       -21.91 USD
  Expenses:Food:Restaurant                          21.91 USD

2021-09-21 * "Goba Goba" "Eating out after work"
  Liabilities:US:Chase:Slate                       -27.63 USD
  Expenses:Food:Restaurant                          27.63 USD

2021-09-24 * "Jewel of Morroco" "Eating out with Bill"
  Liabilities:US:Chase:Slate                       -22.28 USD
  Expenses:Food:Restaurant                          22.28 USD

2021-09-28 * "Jewel of Morroco" "Eating out with Bill"
  Liabilities:US:Chase:Slate                       -41.97 USD
  Expenses:Food:Restaurant                          41.97 USD

2021-09-28 * "Corner Deli" "Buying groceries"
  Liabilities:US:Chase:Slate                       -70.81 USD
  Expenses:Food:Groceries                           70.81 USD

2021-10-01 balance Liabilities:US:Chase:Slate    -1057.30 USD

2021-10-01 * "Rose Flower" "Eating out after work"
  Liabilities:US:Chase:Slate                       -27.51 USD
  Expenses:Food:Restaurant                          27.51 USD

2021-10-04 * "Jewel of Morroco" "Eating out alone"
  Liabilities:US:Chase:Slate                       -35.32 USD
  Expenses:Food:Restaurant                          35.32 USD

2021-10-08 * "Chichipotle" "Eating out with work buddies"
  Liabilities:US:Chase:Slate                       -24.49 USD
  Expenses:Food:Restaurant                          24.49 USD

2021-10-08 * "Metro Transport Authority" "Tram tickets"
  Liabilities:US:Chase:Slate                      -120.00 USD
  Expenses:Transport:Tram                          120.00 USD

2021-10-09 * "Chase:Slate" "Paying off credit card"
  Liabilities:US:Chase:Slate                       447.23 USD
  Assets:US:BofA:Checking                         -447.23 USD

2021-10-11 * "Chichipotle" "Eating out with Natasha"
  Liabilities:US:Chase:Slate                       -27.24 USD
  Expenses:Food:Restaurant                          27.24 USD

2021-10-16 * "China Garden" "Eating out "
  Liabilities:US:Chase:Slate                       -21.89 USD
  Expenses:Food:Restaurant                          21.89 USD

2021-10-17 * "Cafe Modagor" "Eating out alone"
  Liabilities:US:Chase:Slate                       -19.20 USD
  Expenses:Food:Restaurant                          19.20 USD

2021-10-17 * "Corner Deli" "Buying groceries"
  Liabilities:US:Chase:Slate                       -76.71 USD
  Expenses:Food:Groceries                           76.71 USD

2021-10-22 balance Liabilities:US:Chase:Slate     -962.43 USD

2021-10-22 * "China Garden" "Eating out alone"
  Liabilities:US:Chase:Slate                       -24.06 USD
  Expenses:Food:Restaurant                          24.06 USD

2021-10-23 * "China Garden" "Eating out with Bill"
  Liabilities:US:Chase:Slate                       -44.17 USD
  Expenses:Food:Restaurant                          44.17 USD

2021-10-23 * "Corner Deli" "Buying groceries"
  Liabilities:US:Chase:Slate                       -93.30 USD
  Expenses:Food:Groceries                           93.30 USD

2021-10-28 * "Jewel of Morroco" "Eating out with Joe"
  Liabilities:US:Chase:Slate                       -55.18 USD
  Expenses:Food:Restaurant                          55.18 USD

2021-10-29 * "Jewel of Morroco" "Eating out with Joe"
  Liabilities:US:Chase:Slate                       -53.59 USD
  Expenses:Food:Restaurant                          53.59 USD

2021-10-31 * "Farmer Fresh" "Buying groceries"
  Liabilities:US:Chase:Slate                       -83.30 USD
  Expenses:Food:Groceries                           83.30 USD

2021-11-02 * "China Garden" "Eating out with Bill"
  Liabilities:US:Chase:Slate                       -42.83 USD
  Expenses:Food:Restaurant                          42.83 USD

2021-11-04 * "Chichipotle" "Eating out with Bill"
  Liabilities:US:Chase:Slate                       -15.67 USD
  Expenses:Food:Restaurant                          15.67 USD

2021-11-06 * "Metro Transport Authority" "Tram tickets"
  Liabilities:US:Chase:Slate                      -120.00 USD
  Expenses:Transport:Tram                          120.00 USD

2021-11-07 * "Jewel of Morroco" "Eating out after work"
  Liabilities:US:Chase:Slate                       -20.51 USD
  Expenses:Food:Restaurant                          20.51 USD

2021-11-09 * "Good Moods Market" "Buying groceries"
  Liabilities:US:Chase:Slate                       -97.75 USD
  Expenses:Food:Groceries                           97.75 USD

2021-11-10 * "Chase:Slate" "Paying off credit card"
  Liabilities:US:Chase:Slate                       783.03 USD
  Assets:US:BofA:Checking                         -783.03 USD

2021-11-12 * "Chichipotle" "Eating out with Natasha"
  Liabilities:US:Chase:Slate                       -14.87 USD
  Expenses:Food:Restaurant                          14.87 USD

2021-11-14 * "Rose Flower" "Eating out with Natasha"
  Liabilities:US:Chase:Slate                       -31.00 USD
  Expenses:Food:Restaurant                          31.00 USD

2021-11-14 * "Good Moods Market" "Buying groceries"
  Liabilities:US:Chase:Slate                       -75.26 USD
  Expenses:Food:Groceries                           75.26 USD

2021-11-15 balance Liabilities:US:Chase:Slate     -950.89 USD

2021-11-19 * "Cafe Modagor" "Eating out "
  Liabilities:US:Chase:Slate                       -48.49 USD
  Expenses:Food:Restaurant                          48.49 USD

2021-11-23 * "Jewel of Morroco" "Eating out with work buddies"
  Liabilities:US:Chase:Slate                       -34.56 USD
  Expenses:Food:Restaurant                          34.56 USD

2021-11-26 * "Kin Soy" "Eating out alone"
  Liabilities:US:Chase:Slate                       -42.22 USD
  Expenses:Food:Restaurant                          42.22 USD

2021-11-29 * "Uncle Boons" "Eating out with Bill"
  Liabilities:US:Chase:Slate                       -22.88 USD
  Expenses:Food:Restaurant                          22.88 USD

2021-11-30 * "Corner Deli" "Buying groceries"
  Liabilities:US:Chase:Slate                       -87.72 USD
  Expenses:Food:Groceries                           87.72 USD

2021-12-02 * "Uncle Boons" "Eating out with work buddies"
  Liabilities:US:Chase:Slate                       -28.09 USD
  Expenses:Food:Restaurant                          28.09 USD

2021-12-04 * "Metro Transport Authority" "Tram tickets"
  Liabilities:US:Chase:Slate                      -120.00 USD
  Expenses:Transport:Tram                          120.00 USD

2021-12-06 * "Uncle Boons" "Eating out with work buddies"
  Liabilities:US:Chase:Slate                       -19.18 USD
  Expenses:Food:Restaurant                          19.18 USD

2021-12-07 * "Jewel of Morroco" "Eating out with Julie"
  Liabilities:US:Chase:Slate                       -26.47 USD
  Expenses:Food:Restaurant                          26.47 USD

2021-12-08 balance Liabilities:US:Chase:Slate    -1380.50 USD

2021-12-08 * "China Garden" "Eating out after work"
  Liabilities:US:Chase:Slate                       -52.89 USD
  Expenses:Food:Restaurant                          52.89 USD

2021-12-08 * "Chase:Slate" "Paying off credit card"
  Liabilities:US:Chase:Slate                       588.76 USD
  Assets:US:BofA:Checking                         -588.76 USD

2021-12-12 * "Cafe Modagor" "Eating out with Bill"
  Liabilities:US:Chase:Slate                       -26.68 USD
  Expenses:Food:Restaurant                          26.68 USD

2021-12-16 * "Kin Soy" "Eating out alone"
  Liabilities:US:Chase:Slate                       -30.53 USD
  Expenses:Food:Restaurant                          30.53 USD

2021-12-20 * "Corner Deli" "Buying groceries"
  Liabilities:US:Chase:Slate                       -97.42 USD
  Expenses:Food:Groceries                           97.42 USD

2021-12-21 * "China Garden" "Eating out after work"
  Liabilities:US:Chase:Slate                       -27.00 USD
  Expenses:Food:Restaurant                          27.00 USD

2021-12-26 * "Kin Soy" "Eating out with Bill"
  Liabilities:US:Chase:Slate                       -44.81 USD
  Expenses:Food:Restaurant                          44.81 USD

2021-12-29 * "Corner Deli" "Buying groceries"
  Liabilities:US:Chase:Slate                       -71.54 USD
  Expenses:Food:Groceries                           71.54 USD

2021-12-30 * "Jewel of Morroco" "Eating out with Bill"
  Liabilities:US:Chase:Slate                       -78.87 USD
  Expenses:Food:Restaurant                          78.87 USD

2022-01-04 * "Rose Flower" "Eating out with Joe"
  Liabilities:US:Chase:Slate                       -23.90 USD
  Expenses:Food:Restaurant                          23.90 USD

2022-01-04 * "Farmer Fresh" "Buying groceries"
  Liabilities:US:Chase:Slate                       -87.51 USD
  Expenses:Food:Groceries                           87.51 USD

2022-01-05 * "Metro Transport Authority" "Tram tickets"
  Liabilities:US:Chase:Slate                      -120.00 USD
  Expenses:Transport:Tram                          120.00 USD

2022-01-06 balance Liabilities:US:Chase:Slate    -1452.89 USD

2022-01-07 * "Chase:Slate" "Paying off credit card"
  Liabilities:US:Chase:Slate                       636.69 USD
  Assets:US:BofA:Checking                         -636.69 USD

2022-01-08 * "Uncle Boons" "Eating out "
  Liabilities:US:Chase:Slate                       -28.43 USD
  Expenses:Food:Restaurant                          28.43 USD

2022-01-09 * "Onion Market" "Buying groceries"
  Liabilities:US:Chase:Slate                      -101.63 USD
  Expenses:Food:Groceries                          101.63 USD

2022-01-13 * "Jewel of Morroco" "Eating out with Bill"
  Liabilities:US:Chase:Slate                       -27.40 USD
  Expenses:Food:Restaurant                          27.40 USD

2022-01-17 * "Rose Flower" "Eating out with work buddies"
  Liabilities:US:Chase:Slate                       -40.64 USD
  Expenses:Food:Restaurant                          40.64 USD

2022-01-20 * "Goba Goba" "Eating out with Bill"
  Liabilities:US:Chase:Slate                       -56.46 USD
  Expenses:Food:Restaurant                          56.46 USD

2022-01-21 * "Corner Deli" "Buying groceries"
  Liabilities:US:Chase:Slate                       -35.73 USD
  Expenses:Food:Groceries                           35.73 USD

2022-01-25 * "China Garden" "Eating out with Bill"
  Liabilities:US:Chase:Slate                       -34.12 USD
  Expenses:Food:Restaurant                          34.12 USD

2022-01-29 * "Chichipotle" "Eating out with work buddies"
  Liabilities:US:Chase:Slate                       -44.92 USD
  Expenses:Food:Restaurant                          44.92 USD

2022-02-03 balance Liabilities:US:Chase:Slate    -1185.53 USD

2022-02-03 * "China Garden" "Eating out "
  Liabilities:US:Chase:Slate                       -29.72 USD
  Expenses:Food:Restaurant                          29.72 USD

2022-02-04 * "Onion Market" "Buying groceries"
  Liabilities:US:Chase:Slate                       -74.18 USD
  Expenses:Food:Groceries                           74.18 USD

2022-02-06 * "Cafe Modagor" "Eating out with Bill"
  Liabilities:US:Chase:Slate                       -22.24 USD
  Expenses:Food:Restaurant                          22.24 USD

2022-02-06 * "Metro Transport Authority" "Tram tickets"
  Liabilities:US:Chase:Slate                      -120.00 USD
  Expenses:Transport:Tram                          120.00 USD

2022-02-10 * "Jewel of Morroco" "Eating out with Julie"
  Liabilities:US:Chase:Slate                       -39.15 USD
  Expenses:Food:Restaurant                          39.15 USD

2022-02-10 * "Chase:Slate" "Paying off credit card"
  Liabilities:US:Chase:Slate                       626.19 USD
  Assets:US:BofA:Checking                         -626.19 USD

2022-02-15 * "Cafe Modagor" "Eating out with Natasha"
  Liabilities:US:Chase:Slate                       -32.58 USD
  Expenses:Food:Restaurant                          32.58 USD

2022-02-15 * "Corner Deli" "Buying groceries"
  Liabilities:US:Chase:Slate                       -74.12 USD
  Expenses:Food:Groceries                           74.12 USD

2022-02-18 * "Rose Flower" "Eating out after work"
  Liabilities:US:Chase:Slate                       -24.58 USD
  Expenses:Food:Restaurant                          24.58 USD

2022-02-21 * "Kin Soy" "Eating out with Natasha"
  Liabilities:US:Chase:Slate                       -18.93 USD
  Expenses:Food:Restaurant                          18.93 USD

2022-02-22 * "Farmer Fresh" "Buying groceries"
  Liabilities:US:Chase:Slate                      -101.52 USD
  Expenses:Food:Groceries                          101.52 USD

2022-02-23 balance Liabilities:US:Chase:Slate    -1096.36 USD

2022-02-23 * "Uncle Boons" "Eating out "
  Liabilities:US:Chase:Slate                       -40.17 USD
  Expenses:Food:Restaurant                          40.17 USD

2022-02-26 * "Goba Goba" "Eating out with work buddies"
  Liabilities:US:Chase:Slate                       -32.35 USD
  Expenses:Food:Restaurant                          32.35 USD

2022-03-01 * "Rose Flower" "Eating out with Joe"
  Liabilities:US:Chase:Slate                       -30.99 USD
  Expenses:Food:Restaurant                          30.99 USD

2022-03-03 * "Cafe Modagor" "Eating out with Natasha"
  Liabilities:US:Chase:Slate                       -26.08 USD
  Expenses:Food:Restaurant                          26.08 USD

2022-03-04 * "China Garden" "Eating out with Bill"
  Liabilities:US:Chase:Slate                       -35.13 USD
  Expenses:Food:Restaurant                          35.13 USD

2022-03-05 * "Metro Transport Authority" "Tram tickets"
  Liabilities:US:Chase:Slate                      -120.00 USD
  Expenses:Transport:Tram                          120.00 USD

2022-03-06 * "Goba Goba" "Eating out alone"
  Liabilities:US:Chase:Slate                       -29.04 USD
  Expenses:Food:Restaurant                          29.04 USD

2022-03-07 * "Rose Flower" "Eating out alone"
  Liabilities:US:Chase:Slate                       -42.79 USD
  Expenses:Food:Restaurant                          42.79 USD

2022-03-08 * "Corner Deli" "Buying groceries"
  Liabilities:US:Chase:Slate                       -70.82 USD
  Expenses:Food:Groceries                           70.82 USD

2022-03-09 * "Goba Goba" "Eating out "
  Liabilities:US:Chase:Slate                       -31.79 USD
  Expenses:Food:Restaurant                          31.79 USD

2022-03-10 * "Chase:Slate" "Paying off credit card"
  Liabilities:US:Chase:Slate                       759.02 USD
  Assets:US:BofA:Checking                         -759.02 USD

2022-03-12 * "Kin Soy" "Eating out with Bill"
  Liabilities:US:Chase:Slate                       -48.13 USD
  Expenses:Food:Restaurant                          48.13 USD

2022-03-16 * "Goba Goba" "Eating out after work"
  Liabilities:US:Chase:Slate                       -30.71 USD
  Expenses:Food:Restaurant                          30.71 USD

2022-03-20 balance Liabilities:US:Chase:Slate     -875.34 USD

2022-03-20 * "Goba Goba" "Eating out alone"
  Liabilities:US:Chase:Slate                       -17.37 USD
  Expenses:Food:Restaurant                          17.37 USD

2022-03-23 * "Kin Soy" "Eating out with Joe"
  Liabilities:US:Chase:Slate                       -31.68 USD
  Expenses:Food:Restaurant                          31.68 USD

2022-03-23 * "Good Moods Market" "Buying groceries"
  Liabilities:US:Chase:Slate                      -130.42 USD
  Expenses:Food:Groceries                          130.42 USD

2022-03-25 * "China Garden" "Eating out with Natasha"
  Liabilities:US:Chase:Slate                       -20.88 USD
  Expenses:Food:Restaurant                          20.88 USD

2022-03-29 * "Uncle Boons" "Eating out with Natasha"
  Liabilities:US:Chase:Slate                       -29.14 USD
  Expenses:Food:Restaurant                          29.14 USD

2022-04-01 * "Cafe Modagor" "Eating out with Joe"
  Liabilities:US:Chase:Slate                       -35.41 USD
  Expenses:Food:Restaurant                          35.41 USD

2022-04-05 * "Kin Soy" "Eating out alone"
  Liabilities:US:Chase:Slate                       -34.67 USD
  Expenses:Food:Restaurant                          34.67 USD

2022-04-07 * "Metro Transport Authority" "Tram tickets"
  Liabilities:US:Chase:Slate                      -120.00 USD
  Expenses:Transport:Tram                          120.00 USD

2022-04-09 * "Chase:Slate" "Paying off credit card"
  Liabilities:US:Chase:Slate                       478.12 USD
  Assets:US:BofA:Checking                         -478.12 USD

2022-04-10 balance Liabilities:US:Chase:Slate     -816.79 USD

2022-04-10 * "Chichipotle" "Eating out with Joe"
  Liabilities:US:Chase:Slate                       -27.84 USD
  Expenses:Food:Restaurant                          27.84 USD

2022-04-10 * "Onion Market" "Buying groceries"
  Liabilities:US:Chase:Slate                       -84.01 USD
  Expenses:Food:Groceries                           84.01 USD

2022-04-11 * "China Garden" "Eating out with Joe"
  Liabilities:US:Chase:Slate                       -16.93 USD
  Expenses:Food:Restaurant                          16.93 USD

2022-04-15 * "Corner Deli" "Buying groceries"
  Liabilities:US:Chase:Slate                       -79.26 USD
  Expenses:Food:Groceries                           79.26 USD

2022-04-16 * "Rose Flower" "Eating out with Joe"
  Liabilities:US:Chase:Slate                       -46.49 USD
  Expenses:Food:Restaurant                          46.49 USD

2022-04-17 * "Goba Goba" "Eating out with Julie"
  Liabilities:US:Chase:Slate                       -19.16 USD
  Expenses:Food:Restaurant                          19.16 USD

2022-04-18 * "Cafe Modagor" "Eating out with Joe"
  Liabilities:US:Chase:Slate                        -9.64 USD
  Expenses:Food:Restaurant                           9.64 USD

2022-04-20 * "Goba Goba" "Eating out with work buddies"
  Liabilities:US:Chase:Slate                       -50.17 USD
  Expenses:Food:Restaurant                          50.17 USD

2022-04-21 * "Kin Soy" "Eating out after work"
  Liabilities:US:Chase:Slate                       -12.05 USD
  Expenses:Food:Restaurant                          12.05 USD

2022-04-24 * "Cafe Modagor" "Eating out after work"
  Liabilities:US:Chase:Slate                       -51.00 USD
  Expenses:Food:Restaurant                          51.00 USD

2022-04-26 * "Corner Deli" "Buying groceries"
  Liabilities:US:Chase:Slate                       -73.38 USD
  Expenses:Food:Groceries                           73.38 USD

2022-04-27 * "Chichipotle" "Eating out with Joe"
  Liabilities:US:Chase:Slate                       -48.14 USD
  Expenses:Food:Restaurant                          48.14 USD

2022-05-01 * "Jewel of Morroco" "Eating out with Bill"
  Liabilities:US:Chase:Slate                       -27.38 USD
  Expenses:Food:Restaurant                          27.38 USD

2022-05-03 * "Uncle Boons" "Eating out after work"
  Liabilities:US:Chase:Slate                       -24.26 USD
  Expenses:Food:Restaurant                          24.26 USD

2022-05-04 * "Chichipotle" "Eating out with Joe"
  Liabilities:US:Chase:Slate                       -29.16 USD
  Expenses:Food:Restaurant                          29.16 USD

2022-05-06 * "Chichipotle" "Eating out with work buddies"
  Liabilities:US:Chase:Slate                       -23.88 USD
  Expenses:Food:Restaurant                          23.88 USD

2022-05-07 balance Liabilities:US:Chase:Slate    -1439.54 USD

2022-05-08 * "Chase:Slate" "Paying off credit card"
  Liabilities:US:Chase:Slate                       640.84 USD
  Assets:US:BofA:Checking                         -640.84 USD

2022-05-09 * "Cafe Modagor" "Eating out with Julie"
  Liabilities:US:Chase:Slate                       -45.93 USD
  Expenses:Food:Restaurant                          45.93 USD

2022-05-09 * "Metro Transport Authority" "Tram tickets"
  Liabilities:US:Chase:Slate                      -120.00 USD
  Expenses:Transport:Tram                          120.00 USD

2022-05-10 * "Kin Soy" "Eating out with Natasha"
  Liabilities:US:Chase:Slate                       -33.68 USD
  Expenses:Food:Restaurant                          33.68 USD

2022-05-10 * "Corner Deli" "Buying groceries"
  Liabilities:US:Chase:Slate                       -51.17 USD
  Expenses:Food:Groceries                           51.17 USD

2022-05-12 * "Goba Goba" "Eating out with work buddies"
  Liabilities:US:Chase:Slate                       -18.32 USD
  Expenses:Food:Restaurant                          18.32 USD

2022-05-15 * "Goba Goba" "Eating out with Bill"
  Liabilities:US:Chase:Slate                       -25.44 USD
  Expenses:Food:Restaurant                          25.44 USD

2022-05-17 event "location" "New York"

2022-05-18 * "Gimme! Coffee" "" #trip-new-york-2022
  Liabilities:US:Chase:Slate                        -7.46 USD
  Expenses:Food:Coffee                               7.46 USD

2022-05-19 * "Cafe Select" "" #trip-new-york-2022
  Liabilities:US:Chase:Slate                       -31.96 USD
  Expenses:Food:Restaurant                          31.96 USD

2022-05-20 * "Cafe Select" "" #trip-new-york-2022
  Liabilities:US:Chase:Slate                       -29.85 USD
  Expenses:Food:Restaurant                          29.85 USD

2022-05-21 * "Cafe Select" "" #trip-new-york-2022
  Liabilities:US:Chase:Slate                       -25.89 USD
  Expenses:Food:Restaurant                          25.89 USD

2022-05-21 * "Laut" "" #trip-new-york-2022
  Liabilities:US:Chase:Slate                       -35.38 USD
  Expenses:Food:Restaurant                          35.38 USD

2022-05-21 * "La Colombe" "" #trip-new-york-2022
  Liabilities:US:Chase:Slate                        -7.67 USD
  Expenses:Food:Coffee                               7.67 USD

2022-05-21 * "Gimme! Coffee" "" #trip-new-york-2022
  Liabilities:US:Chase:Slate                        -6.80 USD
  Expenses:Food:Coffee                               6.80 USD

2022-05-22 * "Cafe Select" "" #trip-new-york-2022
  Liabilities:US:Chase:Slate                       -38.27 USD
  Expenses:Food:Restaurant                          38.27 USD

2022-05-22 * "Takahachi" "" #trip-new-york-2022
  Liabilities:US:Chase:Slate                       -47.72 USD
  Expenses:Food:Restaurant                          47.72 USD

2022-05-23 * "Takahachi" "" #trip-new-york-2022
  Liabilities:US:Chase:Slate                       -51.92 USD
  Expenses:Food:Restaurant                          51.92 USD

2022-05-23 * "Gimme! Coffee" "" #trip-new-york-2022
  Liabilities:US:Chase:Slate                        -7.02 USD
  Expenses:Food:Coffee                               7.02 USD

2022-05-25 * "Takahachi" "" #trip-new-york-2022
  Liabilities:US:Chase:Slate                       -49.35 USD
  Expenses:Food:Restaurant                          49.35 USD

2022-05-25 * "La Colombe" "" #trip-new-york-2022
  Liabilities:US:Chase:Slate                        -5.90 USD
  Expenses:Food:Coffee                               5.90 USD

2022-05-26 * "Uncle Boons" "" #trip-new-york-2022
  Liabilities:US:Chase:Slate                       -45.36 USD
  Expenses:Food:Restaurant                          45.36 USD

2022-05-26 * "Gimme! Coffee" "" #trip-new-york-2022
  Liabilities:US:Chase:Slate                        -7.55 USD
  Expenses:Food:Coffee                               7.55 USD

2022-05-28 * "Consume vacation days"
  Assets:US:Hooli:Vacation                            -88 VACHR
  Expenses:Vacation                                    88 VACHR

2022-05-28 event "location" "New Metropolis"

2022-05-30 * "Kin Soy" "Eating out alone"
  Liabilities:US:Chase:Slate                       -21.01 USD
  Expenses:Food:Restaurant                          21.01 USD

2022-05-31 * "Rose Flower" "Eating out after work"
  Liabilities:US:Chase:Slate                       -48.59 USD
  Expenses:Food:Restaurant                          48.59 USD

2022-06-05 * "Cafe Modagor" "Eating out with Natasha"
  Liabilities:US:Chase:Slate                       -50.82 USD
  Expenses:Food:Restaurant                          50.82 USD

2022-06-06 balance Liabilities:US:Chase:Slate    -1611.76 USD

2022-06-08 * "China Garden" "Eating out with work buddies"
  Liabilities:US:Chase:Slate                       -42.05 USD
  Expenses:Food:Restaurant                          42.05 USD

2022-06-10 * "Kin Soy" "Eating out after work"
  Liabilities:US:Chase:Slate                       -25.34 USD
  Expenses:Food:Restaurant                          25.34 USD

2022-06-10 * "Metro Transport Authority" "Tram tickets"
  Liabilities:US:Chase:Slate                      -120.00 USD
  Expenses:Transport:Tram                          120.00 USD

2022-06-11 * "Kin Soy" "Eating out alone"
  Liabilities:US:Chase:Slate                       -34.22 USD
  Expenses:Food:Restaurant                          34.22 USD

2022-06-11 * "Chase:Slate" "Paying off credit card"
  Liabilities:US:Chase:Slate                       590.64 USD
  Assets:US:BofA:Checking                         -590.64 USD

2022-06-13 * "Onion Market" "Buying groceries"
  Liabilities:US:Chase:Slate                       -89.56 USD
  Expenses:Food:Groceries                           89.56 USD

2022-06-15 * "Goba Goba" "Eating out with Joe"
  Liabilities:US:Chase:Slate                       -18.19 USD
  Expenses:Food:Restaurant                          18.19 USD

2022-06-19 * "Cafe Modagor" "Eating out with Joe"
  Liabilities:US:Chase:Slate                       -25.85 USD
  Expenses:Food:Restaurant                          25.85 USD

2022-06-23 * "Goba Goba" "Eating out with Bill"
  Liabilities:US:Chase:Slate                       -26.34 USD
  Expenses:Food:Restaurant                          26.34 USD

2022-06-25 * "Goba Goba" "Eating out with work buddies"
  Liabilities:US:Chase:Slate                       -38.67 USD
  Expenses:Food:Restaurant                          38.67 USD

2022-06-28 * "China Garden" "Eating out with Bill"
  Liabilities:US:Chase:Slate                       -30.81 USD
  Expenses:Food:Restaurant                          30.81 USD

2022-06-29 * "Corner Deli" "Buying groceries"
  Liabilities:US:Chase:Slate                       -60.87 USD
  Expenses:Food:Groceries                           60.87 USD

2022-06-30 balance Liabilities:US:Chase:Slate    -1533.02 USD

2022-07-03 * "Kin Soy" "Eating out alone"
  Liabilities:US:Chase:Slate                       -35.34 USD
  Expenses:Food:Restaurant                          35.34 USD

2022-07-04 * "China Garden" "Eating out with work buddies"
  Liabilities:US:Chase:Slate                       -60.78 USD
  Expenses:Food:Restaurant                          60.78 USD

2022-07-06 * "China Garden" "Eating out with Bill"
  Liabilities:US:Chase:Slate                       -15.26 USD
  Expenses:Food:Restaurant                          15.26 USD

2022-07-08 * "Goba Goba" "Eating out with Julie"
  Liabilities:US:Chase:Slate                       -58.55 USD
  Expenses:Food:Restaurant                          58.55 USD

2022-07-08 * "Metro Transport Authority" "Tram tickets"
  Liabilities:US:Chase:Slate                      -120.00 USD
  Expenses:Transport:Tram                          120.00 USD

2022-07-09 * "Jewel of Morroco" "Eating out with Bill"
  Liabilities:US:Chase:Slate                       -13.48 USD
  Expenses:Food:Restaurant                          13.48 USD

2022-07-10 * "Chase:Slate" "Paying off credit card"
  Liabilities:US:Chase:Slate                       675.19 USD
  Assets:US:BofA:Checking                         -675.19 USD

2022-07-11 * "Good Moods Market" "Buying groceries"
  Liabilities:US:Chase:Slate                       -81.49 USD
  Expenses:Food:Groceries                           81.49 USD

2022-07-13 * "Jewel of Morroco" "Eating out after work"
  Liabilities:US:Chase:Slate                       -19.67 USD
  Expenses:Food:Restaurant                          19.67 USD

2022-07-16 * "China Garden" "Eating out with Julie"
  Liabilities:US:Chase:Slate                       -31.31 USD
  Expenses:Food:Restaurant                          31.31 USD

2022-07-18 * "Corner Deli" "Buying groceries"
  Liabilities:US:Chase:Slate                       -86.66 USD
  Expenses:Food:Groceries                           86.66 USD

2022-07-20 * "Chichipotle" "Eating out with Natasha"
  Liabilities:US:Chase:Slate                       -49.27 USD
  Expenses:Food:Restaurant                          49.27 USD

2022-07-21 balance Liabilities:US:Chase:Slate    -1429.64 USD

2022-07-21 * "Chichipotle" "Eating out with Julie"
  Liabilities:US:Chase:Slate                       -16.64 USD
  Expenses:Food:Restaurant                          16.64 USD

2022-07-26 * "Jewel of Morroco" "Eating out with Joe"
  Liabilities:US:Chase:Slate                       -47.23 USD
  Expenses:Food:Restaurant                          47.23 USD

2022-07-27 * "Rose Flower" "Eating out alone"
  Liabilities:US:Chase:Slate                       -24.83 USD
  Expenses:Food:Restaurant                          24.83 USD

2022-07-29 * "Rose Flower" "Eating out with Natasha"
  Liabilities:US:Chase:Slate                       -27.63 USD
  Expenses:Food:Restaurant                          27.63 USD

2022-08-01 * "Kin Soy" "Eating out with Julie"
  Liabilities:US:Chase:Slate                       -10.77 USD
  Expenses:Food:Restaurant                          10.77 USD

2022-08-02 * "Good Moods Market" "Buying groceries"
  Liabilities:US:Chase:Slate                       -93.73 USD
  Expenses:Food:Groceries                           93.73 USD

2022-08-03 * "Chichipotle" "Eating out with Julie"
  Liabilities:US:Chase:Slate                       -38.10 USD
  Expenses:Food:Restaurant                          38.10 USD

2022-08-07 * "Goba Goba" "Eating out "
  Liabilities:US:Chase:Slate                       -21.19 USD
  Expenses:Food:Restaurant                          21.19 USD

2022-08-08 * "Metro Transport Authority" "Tram tickets"
  Liabilities:US:Chase:Slate                      -120.00 USD
  Expenses:Transport:Tram                          120.00 USD

2022-08-11 balance Liabilities:US:Chase:Slate    -1829.76 USD

2022-08-11 * "Chase:Slate" "Paying off credit card"
  Liabilities:US:Chase:Slate                       640.61 USD
  Assets:US:BofA:Checking                         -640.61 USD

2022-08-12 * "Uncle Boons" "Eating out with work buddies"
  Liabilities:US:Chase:Slate                       -53.58 USD
  Expenses:Food:Restaurant                          53.58 USD

2022-08-17 * "Jewel of Morroco" "Eating out with work buddies"
  Liabilities:US:Chase:Slate                       -21.49 USD
  Expenses:Food:Restaurant                          21.49 USD

2022-08-18 * "Goba Goba" "Eating out "
  Liabilities:US:Chase:Slate                       -25.76 USD
  Expenses:Food:Restaurant                          25.76 USD

2022-08-21 * "Jewel of Morroco" "Eating out "
  Liabilities:US:Chase:Slate                       -29.26 USD
  Expenses:Food:Restaurant                          29.26 USD

2022-08-22 * "Corner Deli" "Buying groceries"
  Liabilities:US:Chase:Slate                       -93.33 USD
  Expenses:Food:Groceries                           93.33 USD

2022-08-23 * "Goba Goba" "Eating out with Natasha"
  Liabilities:US:Chase:Slate                       -51.67 USD
  Expenses:Food:Restaurant                          51.67 USD

2022-08-24 * "Goba Goba" "Eating out with Natasha"
  Liabilities:US:Chase:Slate                       -34.93 USD
  Expenses:Food:Restaurant                          34.93 USD

2022-08-26 * "Chichipotle" "Eating out with Natasha"
  Liabilities:US:Chase:Slate                       -51.45 USD
  Expenses:Food:Restaurant                          51.45 USD

2022-08-29 * "Good Moods Market" "Buying groceries"
  Liabilities:US:Chase:Slate                       -96.62 USD
  Expenses:Food:Groceries                           96.62 USD

2022-08-30 * "Kin Soy" "Eating out with Joe"
  Liabilities:US:Chase:Slate                       -41.46 USD
  Expenses:Food:Restaurant                          41.46 USD

2022-09-03 * "Chichipotle" "Eating out with Julie"
  Liabilities:US:Chase:Slate                       -41.85 USD
  Expenses:Food:Restaurant                          41.85 USD

2022-09-07 * "Goba Goba" "Eating out with Julie"
  Liabilities:US:Chase:Slate                       -72.52 USD
  Expenses:Food:Restaurant                          72.52 USD

2022-09-07 * "Metro Transport Authority" "Tram tickets"
  Liabilities:US:Chase:Slate                      -120.00 USD
  Expenses:Transport:Tram                          120.00 USD

2022-09-09 * "Onion Market" "Buying groceries"
  Liabilities:US:Chase:Slate                       -70.37 USD
  Expenses:Food:Groceries                           70.37 USD

2022-09-10 balance Liabilities:US:Chase:Slate    -1993.44 USD

2022-09-11 * "Jewel of Morroco" "Eating out with Bill"
  Liabilities:US:Chase:Slate                       -26.34 USD
  Expenses:Food:Restaurant                          26.34 USD

2022-09-11 * "Chase:Slate" "Paying off credit card"
  Liabilities:US:Chase:Slate                       777.05 USD
  Assets:US:BofA:Checking                         -777.05 USD

2022-09-16 * "Uncle Boons" "Eating out alone"
  Liabilities:US:Chase:Slate                       -17.81 USD
  Expenses:Food:Restaurant                          17.81 USD

2022-09-16 * "Good Moods Market" "Buying groceries"
  Liabilities:US:Chase:Slate                       -99.00 USD
  Expenses:Food:Groceries                           99.00 USD

2022-09-19 * "China Garden" "Eating out "
  Liabilities:US:Chase:Slate                       -40.87 USD
  Expenses:Food:Restaurant                          40.87 USD

2022-09-21 * "Goba Goba" "Eating out alone"
  Liabilities:US:Chase:Slate                       -36.74 USD
  Expenses:Food:Restaurant                          36.74 USD

2022-09-24 * "Chichipotle" "Eating out with Joe"
  Liabilities:US:Chase:Slate                       -36.30 USD
  Expenses:Food:Restaurant                          36.30 USD

2022-09-25 * "Corner Deli" "Buying groceries"
  Liabilities:US:Chase:Slate                       -73.42 USD
  Expenses:Food:Groceries                           73.42 USD

2022-09-29 * "Cafe Modagor" "Eating out with Julie"
  Liabilities:US:Chase:Slate                       -51.60 USD
  Expenses:Food:Restaurant                          51.60 USD

2022-10-02 * "Uncle Boons" "Eating out after work"
  Liabilities:US:Chase:Slate                       -54.13 USD
  Expenses:Food:Restaurant                          54.13 USD

2022-10-02 * "Corner Deli" "Buying groceries"
  Liabilities:US:Chase:Slate                       -87.76 USD
  Expenses:Food:Groceries                           87.76 USD

2022-10-04 * "Kin Soy" "Eating out after work"
  Liabilities:US:Chase:Slate                       -38.25 USD
  Expenses:Food:Restaurant                          38.25 USD

2022-10-07 balance Liabilities:US:Chase:Slate    -1778.61 USD

2022-10-08 * "Chichipotle" "Eating out with Julie"
  Liabilities:US:Chase:Slate                       -19.35 USD
  Expenses:Food:Restaurant                          19.35 USD

2022-10-10 * "Metro Transport Authority" "Tram tickets"
  Liabilities:US:Chase:Slate                      -120.00 USD
  Expenses:Transport:Tram                          120.00 USD

2022-10-11 * "Chase:Slate" "Paying off credit card"
  Liabilities:US:Chase:Slate                       698.46 USD
  Assets:US:BofA:Checking                         -698.46 USD

2022-10-12 * "Chichipotle" "Eating out after work"
  Liabilities:US:Chase:Slate                       -23.23 USD
  Expenses:Food:Restaurant                          23.23 USD

2022-10-17 * "Jewel of Morroco" "Eating out "
  Liabilities:US:Chase:Slate                       -25.78 USD
  Expenses:Food:Restaurant                          25.78 USD

2022-10-18 event "location" "San Francisco"

2022-10-19 * "Pizza Delfina" "" #trip-san-francisco-2022
  Liabilities:US:Chase:Slate                       -22.48 USD
  Expenses:Food:Restaurant                          22.48 USD

2022-10-19 * "Waterbar" "" #trip-san-francisco-2022
  Liabilities:US:Chase:Slate                       -49.73 USD
  Expenses:Food:Restaurant                          49.73 USD

2022-10-19 * "Starbucks" "" #trip-san-francisco-2022
  Liabilities:US:Chase:Slate                        -5.14 USD
  Expenses:Food:Coffee                               5.14 USD

2022-10-20 * "Bar Crudo" "" #trip-san-francisco-2022
  Liabilities:US:Chase:Slate                       -70.13 USD
  Expenses:Food:Restaurant                          70.13 USD

2022-10-20 * "Pizza Delfina" "" #trip-san-francisco-2022
  Liabilities:US:Chase:Slate                       -21.18 USD
  Expenses:Food:Restaurant                          21.18 USD

2022-10-20 * "Waterbar" "" #trip-san-francisco-2022
  Liabilities:US:Chase:Slate                       -50.53 USD
  Expenses:Food:Restaurant                          50.53 USD

2022-10-22 * "Starbucks" "" #trip-san-francisco-2022
  Liabilities:US:Chase:Slate                        -4.84 USD
  Expenses:Food:Coffee                               4.84 USD

2022-10-23 * "Bar Crudo" "" #trip-san-francisco-2022
  Liabilities:US:Chase:Slate                       -75.54 USD
  Expenses:Food:Restaurant                          75.54 USD

2022-10-23 * "Waterbar" "" #trip-san-francisco-2022
  Liabilities:US:Chase:Slate                       -55.19 USD
  Expenses:Food:Restaurant                          55.19 USD

2022-10-24 * "Bar Crudo" "" #trip-san-francisco-2022
  Liabilities:US:Chase:Slate                       -62.58 USD
  Expenses:Food:Restaurant                          62.58 USD

2022-10-24 * "Pizza Delfina" "" #trip-san-francisco-2022
  Liabilities:US:Chase:Slate                       -20.85 USD
  Expenses:Food:Restaurant                          20.85 USD

2022-10-25 * "Bar Crudo" "" #trip-san-francisco-2022
  Liabilities:US:Chase:Slate                       -72.29 USD
  Expenses:Food:Restaurant                          72.29 USD

2022-10-25 * "Pizza Delfina" "" #trip-san-francisco-2022
  Liabilities:US:Chase:Slate                       -20.94 USD
  Expenses:Food:Restaurant                          20.94 USD

2022-10-25 * "Starbucks" "" #trip-san-francisco-2022
  Liabilities:US:Chase:Slate                        -5.71 USD
  Expenses:Food:Coffee                               5.71 USD

2022-10-26 * "Bar Crudo" "" #trip-san-francisco-2022
  Liabilities:US:Chase:Slate                       -75.60 USD
  Expenses:Food:Restaurant                          75.60 USD

2022-10-27 * "Pizza Delfina" "" #trip-san-francisco-2022
  Liabilities:US:Chase:Slate                       -17.55 USD
  Expenses:Food:Restaurant                          17.55 USD

2022-10-27 * "Starbucks" "" #trip-san-francisco-2022
  Liabilities:US:Chase:Slate                        -5.27 USD
  Expenses:Food:Coffee                               5.27 USD

2022-10-28 * "Starbucks" "" #trip-san-francisco-2022
  Liabilities:US:Chase:Slate                        -5.28 USD
  Expenses:Food:Coffee                               5.28 USD

2022-10-29 * "Waterbar" "" #trip-san-francisco-2022
  Liabilities:US:Chase:Slate                       -45.21 USD
  Expenses:Food:Restaurant                          45.21 USD

2022-10-30 * "Mission Chinese Food" "" #trip-san-francisco-2022
  Liabilities:US:Chase:Slate                       -29.53 USD
  Expenses:Food:Restaurant                          29.53 USD

2022-11-01 * "Consume vacation days"
  Assets:US:Hooli:Vacation                           -112 VACHR
  Expenses:Vacation                                   112 VACHR

2022-11-01 event "location" "New Metropolis"

2022-11-02 balance Liabilities:US:Chase:Slate    -1984.08 USD

2022-11-02 * "Good Moods Market" "Buying groceries"
  Liabilities:US:Chase:Slate                       -57.51 USD
  Expenses:Food:Groceries                           57.51 USD

2022-11-04 * "Jewel of Morroco" "Eating out alone"
  Liabilities:US:Chase:Slate                       -36.80 USD
  Expenses:Food:Restaurant                          36.80 USD

2022-11-05 * "Cafe Modagor" "Eating out "
  Liabilities:US:Chase:Slate                       -27.93 USD
  Expenses:Food:Restaurant                          27.93 USD

2022-11-08 * "Metro Transport Authority" "Tram tickets"
  Liabilities:US:Chase:Slate                      -120.00 USD
  Expenses:Transport:Tram                          120.00 USD

2022-11-08 * "Chase:Slate" "Paying off credit card"
  Liabilities:US:Chase:Slate                       268.02 USD
  Assets:US:BofA:Checking                         -268.02 USD

2022-11-09 * "Rose Flower" "Eating out with Joe"
  Liabilities:US:Chase:Slate                       -27.76 USD
  Expenses:Food:Restaurant                          27.76 USD

2022-11-10 * "Kin Soy" "Eating out with Joe"
  Liabilities:US:Chase:Slate                       -32.76 USD
  Expenses:Food:Restaurant                          32.76 USD

2022-11-14 * "Chichipotle" "Eating out with Joe"
  Liabilities:US:Chase:Slate                       -29.58 USD
  Expenses:Food:Restaurant                          29.58 USD

2022-11-17 * "Corner Deli" "Buying groceries"
  Liabilities:US:Chase:Slate                      -118.95 USD
  Expenses:Food:Groceries                          118.95 USD

2022-11-19 * "Jewel of Morroco" "Eating out with Joe"
  Liabilities:US:Chase:Slate                       -18.25 USD
  Expenses:Food:Restaurant                          18.25 USD

2022-11-24 * "Chichipotle" "Eating out after work"
  Liabilities:US:Chase:Slate                       -34.36 USD
  Expenses:Food:Restaurant                          34.36 USD

2022-11-29 * "Chichipotle" "Eating out alone"
  Liabilities:US:Chase:Slate                       -32.10 USD
  Expenses:Food:Restaurant                          32.10 USD

2022-11-30 balance Liabilities:US:Chase:Slate    -2252.06 USD

2022-12-02 * "Cafe Modagor" "Eating out with Natasha"
  Liabilities:US:Chase:Slate                       -16.76 USD
  Expenses:Food:Restaurant                          16.76 USD

2022-12-03 * "China Garden" "Eating out after work"
  Liabilities:US:Chase:Slate                       -45.01 USD
  Expenses:Food:Restaurant                          45.01 USD

2022-12-04 * "Good Moods Market" "Buying groceries"
  Liabilities:US:Chase:Slate                       -79.03 USD
  Expenses:Food:Groceries                           79.03 USD

2022-12-05 * "China Garden" "Eating out with Bill"
  Liabilities:US:Chase:Slate                       -36.96 USD
  Expenses:Food:Restaurant                          36.96 USD

2022-12-06 * "Cafe Modagor" "Eating out with Julie"
  Liabilities:US:Chase:Slate                       -14.92 USD
  Expenses:Food:Restaurant                          14.92 USD

2022-12-07 * "Uncle Boons" "Eating out with Joe"
  Liabilities:US:Chase:Slate                       -41.04 USD
  Expenses:Food:Restaurant                          41.04 USD

2022-12-08 * "Metro Transport Authority" "Tram tickets"
  Liabilities:US:Chase:Slate                      -120.00 USD
  Expenses:Transport:Tram                          120.00 USD

2022-12-10 * "Chase:Slate" "Paying off credit card"
  Liabilities:US:Chase:Slate                       658.40 USD
  Assets:US:BofA:Checking                         -658.40 USD

2022-12-12 * "Rose Flower" "Eating out with Natasha"
  Liabilities:US:Chase:Slate                       -10.92 USD
  Expenses:Food:Restaurant                          10.92 USD

2022-12-13 * "Rose Flower" "Eating out alone"
  Liabilities:US:Chase:Slate                       -50.01 USD
  Expenses:Food:Restaurant                          50.01 USD

2022-12-14 * "Kin Soy" "Eating out "
  Liabilities:US:Chase:Slate                       -39.47 USD
  Expenses:Food:Restaurant                          39.47 USD

2022-12-15 * "Kin Soy" "Eating out with Bill"
  Liabilities:US:Chase:Slate                       -36.09 USD
  Expenses:Food:Restaurant                          36.09 USD

2022-12-19 * "Cafe Modagor" "Eating out with Natasha"
  Liabilities:US:Chase:Slate                       -35.54 USD
  Expenses:Food:Restaurant                          35.54 USD

2022-12-21 * "Cafe Modagor" "Eating out with Joe"
  Liabilities:US:Chase:Slate                       -23.98 USD
  Expenses:Food:Restaurant                          23.98 USD

2022-12-24 * "Farmer Fresh" "Buying groceries"
  Liabilities:US:Chase:Slate                       -71.61 USD
  Expenses:Food:Groceries                           71.61 USD

2022-12-26 * "China Garden" "Eating out with work buddies"
  Liabilities:US:Chase:Slate                       -29.90 USD
  Expenses:Food:Restaurant                          29.90 USD

2022-12-27 balance Liabilities:US:Chase:Slate    -2244.90 USD

2022-12-30 * "China Garden" "Eating out after work"
  Liabilities:US:Chase:Slate                       -18.08 USD
  Expenses:Food:Restaurant                          18.08 USD

2023-01-02 * "Rose Flower" "Eating out with Joe"
  Liabilities:US:Chase:Slate                       -41.33 USD
  Expenses:Food:Restaurant                          41.33 USD

2023-01-06 * "Jewel of Morroco" "Eating out with Julie"
  Liabilities:US:Chase:Slate                       -34.22 USD
  Expenses:Food:Restaurant                          34.22 USD

2023-01-08 * "Chase:Slate" "Paying off credit card"
  Liabilities:US:Chase:Slate                       440.51 USD
  Assets:US:BofA:Checking                         -440.51 USD

2023-01-09 * "Goba Goba" "Eating out after work"
  Liabilities:US:Chase:Slate                       -60.28 USD
  Expenses:Food:Restaurant                          60.28 USD

2023-01-09 * "Metro Transport Authority" "Tram tickets"
  Liabilities:US:Chase:Slate                      -120.00 USD
  Expenses:Transport:Tram                          120.00 USD

2023-01-13 * "Kin Soy" "Eating out "
  Liabilities:US:Chase:Slate                       -26.36 USD
  Expenses:Food:Restaurant                          26.36 USD

2023-01-13 * "Corner Deli" "Buying groceries"
  Liabilities:US:Chase:Slate                       -69.66 USD
  Expenses:Food:Groceries                           69.66 USD

2023-01-16 * "Rose Flower" "Eating out "
  Liabilities:US:Chase:Slate                       -33.84 USD
  Expenses:Food:Restaurant                          33.84 USD

2023-01-18 * "Cafe Modagor" "Eating out alone"
  Liabilities:US:Chase:Slate                       -27.15 USD
  Expenses:Food:Restaurant                          27.15 USD

2023-01-18 * "Farmer Fresh" "Buying groceries"
  Liabilities:US:Chase:Slate                       -91.90 USD
  Expenses:Food:Groceries                           91.90 USD

2023-01-20 * "Uncle Boons" "Eating out with Bill"
  Liabilities:US:Chase:Slate                       -54.13 USD
  Expenses:Food:Restaurant                          54.13 USD

2023-01-21 * "Cafe Modagor" "Eating out with Natasha"
  Liabilities:US:Chase:Slate                       -21.99 USD
  Expenses:Food:Restaurant                          21.99 USD

2023-01-22 * "Chichipotle" "Eating out with Bill"
  Liabilities:US:Chase:Slate                       -77.59 USD
  Expenses:Food:Restaurant                          77.59 USD

2023-01-24 balance Liabilities:US:Chase:Slate    -2480.92 USD

2023-01-27 * "Jewel of Morroco" "Eating out with work buddies"
  Liabilities:US:Chase:Slate                       -14.06 USD
  Expenses:Food:Restaurant                          14.06 USD

2023-01-28 * "Rose Flower" "Eating out after work"
  Liabilities:US:Chase:Slate                       -21.89 USD
  Expenses:Food:Restaurant                          21.89 USD

2023-01-29 * "Good Moods Market" "Buying groceries"
  Liabilities:US:Chase:Slate                      -101.29 USD
  Expenses:Food:Groceries                          101.29 USD

2023-02-01 * "Uncle Boons" "Eating out with Bill"
  Liabilities:US:Chase:Slate                       -15.54 USD
  Expenses:Food:Restaurant                          15.54 USD

2023-02-04 * "Jewel of Morroco" "Eating out with Bill"
  Liabilities:US:Chase:Slate                       -33.15 USD
  Expenses:Food:Restaurant                          33.15 USD

2023-02-08 * "Metro Transport Authority" "Tram tickets"
  Liabilities:US:Chase:Slate                      -120.00 USD
  Expenses:Transport:Tram                          120.00 USD

2023-02-09 * "Uncle Boons" "Eating out with Bill"
  Liabilities:US:Chase:Slate                       -64.35 USD
  Expenses:Food:Restaurant                          64.35 USD

2023-02-10 * "Chase:Slate" "Paying off credit card"
  Liabilities:US:Chase:Slate                       919.48 USD
  Assets:US:BofA:Checking                         -919.48 USD

2023-02-13 * "Chichipotle" "Eating out with work buddies"
  Liabilities:US:Chase:Slate                       -26.58 USD
  Expenses:Food:Restaurant                          26.58 USD

2023-02-14 * "Corner Deli" "Buying groceries"
  Liabilities:US:Chase:Slate                       -61.11 USD
  Expenses:Food:Groceries                           61.11 USD

2023-02-17 * "Uncle Boons" "Eating out with Natasha"
  Liabilities:US:Chase:Slate                       -16.55 USD
  Expenses:Food:Restaurant                          16.55 USD

2023-02-20 * "Uncle Boons" "Eating out with work buddies"
  Liabilities:US:Chase:Slate                       -28.65 USD
  Expenses:Food:Restaurant                          28.65 USD

2023-02-22 balance Liabilities:US:Chase:Slate    -2064.61 USD

2023-02-23 * "Goba Goba" "Eating out with Julie"
  Liabilities:US:Chase:Slate                       -31.85 USD
  Expenses:Food:Restaurant                          31.85 USD

2023-02-25 * "Rose Flower" "Eating out with Julie"
  Liabilities:US:Chase:Slate                       -30.22 USD
  Expenses:Food:Restaurant                          30.22 USD

2023-03-01 * "Chichipotle" "Eating out "
  Liabilities:US:Chase:Slate                       -55.69 USD
  Expenses:Food:Restaurant                          55.69 USD

2023-03-03 * "Kin Soy" "Eating out with Natasha"
  Liabilities:US:Chase:Slate                       -31.42 USD
  Expenses:Food:Restaurant                          31.42 USD

2023-03-04 * "Rose Flower" "Eating out with Joe"
  Liabilities:US:Chase:Slate                       -47.35 USD
  Expenses:Food:Restaurant                          47.35 USD

2023-03-05 * "Corner Deli" "Buying groceries"
  Liabilities:US:Chase:Slate                      -145.81 USD
  Expenses:Food:Groceries                          145.81 USD

2023-03-07 * "Cafe Modagor" "Eating out after work"
  Liabilities:US:Chase:Slate                       -35.64 USD
  Expenses:Food:Restaurant                          35.64 USD

2023-03-07 * "Chase:Slate" "Paying off credit card"
  Liabilities:US:Chase:Slate                       484.29 USD
  Assets:US:BofA:Checking                         -484.29 USD

2023-03-08 * "Rose Flower" "Eating out with Natasha"
  Liabilities:US:Chase:Slate                       -29.49 USD
  Expenses:Food:Restaurant                          29.49 USD

2023-03-09 * "Metro Transport Authority" "Tram tickets"
  Liabilities:US:Chase:Slate                      -120.00 USD
  Expenses:Transport:Tram                          120.00 USD

2023-03-13 * "Rose Flower" "Eating out "
  Liabilities:US:Chase:Slate                       -21.36 USD
  Expenses:Food:Restaurant                          21.36 USD

2023-03-15 * "Cafe Modagor" "Eating out with Joe"
  Liabilities:US:Chase:Slate                       -33.31 USD
  Expenses:Food:Restaurant                          33.31 USD

2023-03-16 balance Liabilities:US:Chase:Slate    -2162.46 USD

2023-03-17 * "Cafe Modagor" "Eating out with Natasha"
  Liabilities:US:Chase:Slate                       -45.23 USD
  Expenses:Food:Restaurant                          45.23 USD

2023-03-18 * "Good Moods Market" "Buying groceries"
  Liabilities:US:Chase:Slate                       -67.51 USD
  Expenses:Food:Groceries                           67.51 USD

2023-03-22 * "Jewel of Morroco" "Eating out with work buddies"
  Liabilities:US:Chase:Slate                       -53.76 USD
  Expenses:Food:Restaurant                          53.76 USD

2023-03-26 * "Corner Deli" "Buying groceries"
  Liabilities:US:Chase:Slate                       -52.26 USD
  Expenses:Food:Groceries                           52.26 USD

2023-03-27 * "China Garden" "Eating out with Julie"
  Liabilities:US:Chase:Slate                       -14.60 USD
  Expenses:Food:Restaurant                          14.60 USD

2023-03-29 * "Rose Flower" "Eating out with Bill"
  Liabilities:US:Chase:Slate                       -27.85 USD
  Expenses:Food:Restaurant                          27.85 USD

2023-03-31 * "Chichipotle" "Eating out with work buddies"
  Liabilities:US:Chase:Slate                       -16.97 USD
  Expenses:Food:Restaurant                          16.97 USD

2023-04-03 * "Uncle Boons" "Eating out with work buddies"
  Liabilities:US:Chase:Slate                       -15.59 USD
  Expenses:Food:Restaurant                          15.59 USD

2023-04-05 * "China Garden" "Eating out after work"
  Liabilities:US:Chase:Slate                       -30.57 USD
  Expenses:Food:Restaurant                          30.57 USD

2023-04-06 balance Liabilities:US:Chase:Slate    -2486.80 USD

2023-04-07 * "Cafe Modagor" "Eating out after work"
  Liabilities:US:Chase:Slate                       -38.56 USD
  Expenses:Food:Restaurant                          38.56 USD

2023-04-08 * "Uncle Boons" "Eating out with work buddies"
  Liabilities:US:Chase:Slate                       -61.61 USD
  Expenses:Food:Restaurant                          61.61 USD

2023-04-09 * "Uncle Boons" "Eating out "
  Liabilities:US:Chase:Slate                       -36.75 USD
  Expenses:Food:Restaurant                          36.75 USD

2023-04-09 * "Chase:Slate" "Paying off credit card"
  Liabilities:US:Chase:Slate                       665.42 USD
  Assets:US:BofA:Checking                         -665.42 USD

2023-04-10 * "Metro Transport Authority" "Tram tickets"
  Liabilities:US:Chase:Slate                      -120.00 USD
  Expenses:Transport:Tram                          120.00 USD

2023-04-13 * "Jewel of Morroco" "Eating out with Julie"
  Liabilities:US:Chase:Slate                       -21.22 USD
  Expenses:Food:Restaurant                          21.22 USD

2023-04-15 * "Corner Deli" "Buying groceries"
  Liabilities:US:Chase:Slate                       -71.73 USD
  Expenses:Food:Groceries                           71.73 USD

2023-04-17 * "Kin Soy" "Eating out after work"
  Liabilities:US:Chase:Slate                       -30.20 USD
  Expenses:Food:Restaurant                          30.20 USD

2023-04-21 * "Jewel of Morroco" "Eating out with Joe"
  Liabilities:US:Chase:Slate                       -22.65 USD
  Expenses:Food:Restaurant                          22.65 USD

2023-04-24 * "Cafe Modagor" "Eating out after work"
  Liabilities:US:Chase:Slate                       -17.59 USD
  Expenses:Food:Restaurant                          17.59 USD

2023-04-26 balance Liabilities:US:Chase:Slate    -2241.69 USD

2023-04-26 * "Goba Goba" "Eating out with Natasha"
  Liabilities:US:Chase:Slate                       -28.57 USD
  Expenses:Food:Restaurant                          28.57 USD

2023-04-26 * "Farmer Fresh" "Buying groceries"
  Liabilities:US:Chase:Slate                       -75.10 USD
  Expenses:Food:Groceries                           75.10 USD

2023-04-27 * "Uncle Boons" "Eating out with Julie"
  Liabilities:US:Chase:Slate                       -43.90 USD
  Expenses:Food:Restaurant                          43.90 USD

2023-04-29 * "Kin Soy" "Eating out with Natasha"
  Liabilities:US:Chase:Slate                       -16.44 USD
  Expenses:Food:Restaurant                          16.44 USD

2023-04-30 * "Chichipotle" "Eating out with Joe"
  Liabilities:US:Chase:Slate                       -47.34 USD
  Expenses:Food:Restaurant                          47.34 USD

2023-05-01 * "Onion Market" "Buying groceries"
  Liabilities:US:Chase:Slate                       -73.42 USD
  Expenses:Food:Groceries                           73.42 USD

2023-05-04 * "China Garden" "Eating out alone"
  Liabilities:US:Chase:Slate                       -40.51 USD
  Expenses:Food:Restaurant                          40.51 USD

2023-05-09 * "Uncle Boons" "Eating out "
  Liabilities:US:Chase:Slate                       -49.31 USD
  Expenses:Food:Restaurant                          49.31 USD

2023-05-09 * "Chase:Slate" "Paying off credit card"
  Liabilities:US:Chase:Slate                       657.98 USD
  Assets:US:BofA:Checking                         -657.98 USD

2023-05-11 * "Farmer Fresh" "Buying groceries"
  Liabilities:US:Chase:Slate                      -110.71 USD
  Expenses:Food:Groceries                          110.71 USD

2023-05-12 * "Cafe Modagor" "Eating out alone"
  Liabilities:US:Chase:Slate                       -21.11 USD
  Expenses:Food:Restaurant                          21.11 USD

2023-05-13 * "Metro Transport Authority" "Tram tickets"
  Liabilities:US:Chase:Slate                      -120.00 USD
  Expenses:Transport:Tram                          120.00 USD

2023-05-17 * "Kin Soy" "Eating out "
  Liabilities:US:Chase:Slate                       -50.59 USD
  Expenses:Food:Restaurant                          50.59 USD

2023-05-19 * "Onion Market" "Buying groceries"
  Liabilities:US:Chase:Slate                       -88.33 USD
  Expenses:Food:Groceries                           88.33 USD

2023-05-20 balance Liabilities:US:Chase:Slate    -2349.04 USD

2023-05-20 * "Jewel of Morroco" "Eating out with Natasha"
  Liabilities:US:Chase:Slate                       -49.45 USD
  Expenses:Food:Restaurant                          49.45 USD

2023-05-23 * "Cafe Modagor" "Eating out with Julie"
  Liabilities:US:Chase:Slate                       -39.87 USD
  Expenses:Food:Restaurant                          39.87 USD

2023-05-27 * "Uncle Boons" "Eating out with Julie"
  Liabilities:US:Chase:Slate                       -21.27 USD
  Expenses:Food:Restaurant                          21.27 USD

2023-05-28 * "Kin Soy" "Eating out with Bill"
  Liabilities:US:Chase:Slate                       -20.33 USD
  Expenses:Food:Restaurant                          20.33 USD

2023-05-31 * "China Garden" "Eating out with Bill"
  Liabilities:US:Chase:Slate                       -40.92 USD
  Expenses:Food:Restaurant                          40.92 USD

2023-06-03 * "Goba Goba" "Eating out "
  Liabilities:US:Chase:Slate                       -20.57 USD
  Expenses:Food:Restaurant                          20.57 USD

2023-06-07 * "Jewel of Morroco" "Eating out "
  Liabilities:US:Chase:Slate                       -32.99 USD
  Expenses:Food:Restaurant                          32.99 USD

2023-06-07 * "Farmer Fresh" "Buying groceries"
  Liabilities:US:Chase:Slate                       -52.12 USD
  Expenses:Food:Groceries                           52.12 USD

2023-06-10 * "Chase:Slate" "Paying off credit card"
  Liabilities:US:Chase:Slate                       692.77 USD
  Assets:US:BofA:Checking                         -692.77 USD

2023-06-11 balance Liabilities:US:Chase:Slate    -1933.79 USD

2023-06-11 * "Goba Goba" "Eating out with Natasha"
  Liabilities:US:Chase:Slate                       -24.51 USD
  Expenses:Food:Restaurant                          24.51 USD

2023-06-13 * "Uncle Boons" "Eating out with Julie"
  Liabilities:US:Chase:Slate                       -27.75 USD
  Expenses:Food:Restaurant                          27.75 USD

2023-06-13 * "Metro Transport Authority" "Tram tickets"
  Liabilities:US:Chase:Slate                      -120.00 USD
  Expenses:Transport:Tram                          120.00 USD

2023-06-14 * "Kin Soy" "Eating out with Julie"
  Liabilities:US:Chase:Slate                       -22.05 USD
  Expenses:Food:Restaurant                          22.05 USD

2023-06-15 * "Cafe Modagor" "Eating out with Natasha"
  Liabilities:US:Chase:Slate                       -25.72 USD
  Expenses:Food:Restaurant                          25.72 USD

2023-06-16 * "Corner Deli" "Buying groceries"
  Liabilities:US:Chase:Slate                       -77.65 USD
  Expenses:Food:Groceries                           77.65 USD

2023-06-17 * "Cafe Modagor" "Eating out after work"
  Liabilities:US:Chase:Slate                       -22.56 USD
  Expenses:Food:Restaurant                          22.56 USD

2023-06-18 * "Rose Flower" "Eating out with Bill"
  Liabilities:US:Chase:Slate                       -37.21 USD
  Expenses:Food:Restaurant                          37.21 USD

2023-06-23 * "Uncle Boons" "Eating out with Joe"
  Liabilities:US:Chase:Slate                       -28.75 USD
  Expenses:Food:Restaurant                          28.75 USD

2023-06-28 * "China Garden" "Eating out "
  Liabilities:US:Chase:Slate                       -23.55 USD
  Expenses:Food:Restaurant                          23.55 USD

2023-06-29 * "Onion Market" "Buying groceries"
  Liabilities:US:Chase:Slate                       -54.81 USD
  Expenses:Food:Groceries                           54.81 USD

2023-07-01 * "Jewel of Morroco" "Eating out with Julie"
  Liabilities:US:Chase:Slate                       -68.53 USD
  Expenses:Food:Restaurant                          68.53 USD

2023-07-02 * "Rose Flower" "Eating out after work"
  Liabilities:US:Chase:Slate                       -25.18 USD
  Expenses:Food:Restaurant                          25.18 USD

2023-07-03 * "Kin Soy" "Eating out with Joe"
  Liabilities:US:Chase:Slate                       -38.26 USD
  Expenses:Food:Restaurant                          38.26 USD

2023-07-05 balance Liabilities:US:Chase:Slate    -2530.32 USD

2023-07-05 * "Kin Soy" "Eating out alone"
  Liabilities:US:Chase:Slate                       -24.42 USD
  Expenses:Food:Restaurant                          24.42 USD

2023-07-09 * "Cafe Modagor" "Eating out after work"
  Liabilities:US:Chase:Slate                       -13.62 USD
  Expenses:Food:Restaurant                          13.62 USD

2023-07-09 * "Chase:Slate" "Paying off credit card"
  Liabilities:US:Chase:Slate                       610.06 USD
  Assets:US:BofA:Checking                         -610.06 USD

2023-07-11 * "Cafe Modagor" "Eating out with work buddies"
  Liabilities:US:Chase:Slate                       -18.17 USD
  Expenses:Food:Restaurant                          18.17 USD

2023-07-12 * "China Garden" "Eating out after work"
  Liabilities:US:Chase:Slate                       -33.56 USD
  Expenses:Food:Restaurant                          33.56 USD

2023-07-13 * "Onion Market" "Buying groceries"
  Liabilities:US:Chase:Slate                       -54.14 USD
  Expenses:Food:Groceries                           54.14 USD

2023-07-13 * "Metro Transport Authority" "Tram tickets"
  Liabilities:US:Chase:Slate                      -120.00 USD
  Expenses:Transport:Tram                          120.00 USD

2023-07-17 * "Chichipotle" "Eating out with Joe"
  Liabilities:US:Chase:Slate                       -30.80 USD
  Expenses:Food:Restaurant                          30.80 USD

2023-07-19 * "Chichipotle" "Eating out with Julie"
  Liabilities:US:Chase:Slate                       -31.07 USD
  Expenses:Food:Restaurant                          31.07 USD

2023-07-24 * "China Garden" "Eating out with work buddies"
  Liabilities:US:Chase:Slate                       -21.58 USD
  Expenses:Food:Restaurant                          21.58 USD

2023-07-26 balance Liabilities:US:Chase:Slate    -2267.62 USD

2023-07-28 * "Goba Goba" "Eating out with Joe"
  Liabilities:US:Chase:Slate                       -36.89 USD
  Expenses:Food:Restaurant                          36.89 USD

2023-08-01 * "Onion Market" "Buying groceries"
  Liabilities:US:Chase:Slate                       -63.19 USD
  Expenses:Food:Groceries                           63.19 USD

2023-08-02 * "Cafe Modagor" "Eating out with Natasha"
  Liabilities:US:Chase:Slate                       -29.09 USD
  Expenses:Food:Restaurant                          29.09 USD

2023-08-03 * "Chichipotle" "Eating out after work"
  Liabilities:US:Chase:Slate                       -19.77 USD
  Expenses:Food:Restaurant                          19.77 USD

2023-08-07 * "Kin Soy" "Eating out with work buddies"
  Liabilities:US:Chase:Slate                       -23.60 USD
  Expenses:Food:Restaurant                          23.60 USD

2023-08-08 * "Jewel of Morroco" "Eating out with Joe"
  Liabilities:US:Chase:Slate                       -40.72 USD
  Expenses:Food:Restaurant                          40.72 USD

2023-08-09 * "Metro Transport Authority" "Tram tickets"
  Liabilities:US:Chase:Slate                      -120.00 USD
  Expenses:Transport:Tram                          120.00 USD

2023-08-10 * "Good Moods Market" "Buying groceries"
  Liabilities:US:Chase:Slate                       -55.95 USD
  Expenses:Food:Groceries                           55.95 USD

2023-08-12 * "Rose Flower" "Eating out with Joe"
  Liabilities:US:Chase:Slate                       -40.71 USD
  Expenses:Food:Restaurant                          40.71 USD

2023-08-15 * "Chichipotle" "Eating out with work buddies"
  Liabilities:US:Chase:Slate                       -23.34 USD
  Expenses:Food:Restaurant                          23.34 USD

2023-08-19 * "Chichipotle" "Eating out with Natasha"
  Liabilities:US:Chase:Slate                       -46.31 USD
  Expenses:Food:Restaurant                          46.31 USD

2023-08-21 balance Liabilities:US:Chase:Slate    -2767.19 USD

2023-08-21 * "Onion Market" "Buying groceries"
  Liabilities:US:Chase:Slate                       -85.78 USD
  Expenses:Food:Groceries                           85.78 USD



* Taxable Investments

2021-01-01 open Assets:US:ETrade:Cash                       USD
2021-01-01 open Assets:US:ETrade:ITOT                       ITOT
2021-01-01 open Assets:US:ETrade:VEA                       VEA
2021-01-01 open Assets:US:ETrade:VHT                       VHT
2021-01-01 open Assets:US:ETrade:GLD                       GLD
2021-01-01 open Income:US:ETrade:PnL                        USD
2021-01-01 open Income:US:ETrade:ITOT:Dividend              USD
2021-01-01 open Income:US:ETrade:VEA:Dividend              USD
2021-01-01 open Income:US:ETrade:VHT:Dividend              USD
2021-01-01 open Income:US:ETrade:GLD:Dividend              USD

2021-09-18 * "Dividends on portfolio"
  Assets:US:ETrade:Cash                              0.00 USD
  Income:US:ETrade:GLD:Dividend                      0.00 USD

2021-09-23 * "Buy shares of VEA"
  Assets:US:ETrade:Cash                          -4310.86 USD
  Assets:US:ETrade:VEA                                 27 VEA {159.33 USD, 2021-09-23}
  Expenses:Financial:Commissions                     8.95 USD

2021-11-15 * "Buy shares of GLD"
  Assets:US:ETrade:Cash                           -861.55 USD
  Assets:US:ETrade:GLD                                 10 GLD {85.26 USD, 2021-11-15}
  Expenses:Financial:Commissions                     8.95 USD

2021-11-15 * "Buy shares of ITOT"
  Assets:US:ETrade:Cash                           -844.75 USD
  Assets:US:ETrade:ITOT                                 7 ITOT {119.40 USD, 2021-11-15}
  Expenses:Financial:Commissions                     8.95 USD

2021-11-15 * "Buy shares of VEA"
  Assets:US:ETrade:Cash                           -878.75 USD
  Assets:US:ETrade:VEA                                  5 VEA {173.96 USD, 2021-11-15}
  Expenses:Financial:Commissions                     8.95 USD

2021-11-15 * "Buy shares of VHT"
  Assets:US:ETrade:Cash                           -904.74 USD
  Assets:US:ETrade:VHT                                  7 VHT {127.97 USD, 2021-11-15}
  Expenses:Financial:Commissions                     8.95 USD

2021-12-17 * "Dividends on portfolio"
  Assets:US:ETrade:Cash                             31.02 USD
  Income:US:ETrade:GLD:Dividend                    -31.02 USD

2022-01-06 * "Sell shares of VHT"
  Assets:US:ETrade:VHT                                 -7 VHT {127.97 USD, 2021-11-15} @ 122.97 USD
  Assets:US:ETrade:Cash                            851.84 USD
  Expenses:Financial:Commissions                     8.95 USD
  Income:US:ETrade:PnL                              35.00 USD

2022-01-16 * "Buy shares of VEA"
  Assets:US:ETrade:Cash                           -179.47 USD
  Assets:US:ETrade:VEA                                  1 VEA {170.52 USD, 2022-01-16}
  Expenses:Financial:Commissions                     8.95 USD

2022-01-16 * "Buy shares of ITOT"
  Assets:US:ETrade:Cash                           -256.69 USD
  Assets:US:ETrade:ITOT                                 2 ITOT {123.87 USD, 2022-01-16}
  Expenses:Financial:Commissions                     8.95 USD

2022-01-16 * "Buy shares of VHT"
  Assets:US:ETrade:Cash                           -259.35 USD
  Assets:US:ETrade:VHT                                  2 VHT {125.20 USD, 2022-01-16}
  Expenses:Financial:Commissions                     8.95 USD

2022-02-17 * "Sell shares of VEA"
  Assets:US:ETrade:VEA                                -27 VEA {159.33 USD, 2021-09-23} @ 178.90 USD
  Assets:US:ETrade:Cash                           4821.35 USD
  Expenses:Financial:Commissions                     8.95 USD
  Income:US:ETrade:PnL                            -528.39 USD

2022-02-28 * "Buy shares of VHT"
  Assets:US:ETrade:Cash                          -5075.83 USD
  Assets:US:ETrade:VHT                                 42 VHT {120.64 USD, 2022-02-28}
  Expenses:Financial:Commissions                     8.95 USD

2022-03-18 * "Dividends on portfolio"
  Assets:US:ETrade:Cash                             53.97 USD
  Income:US:ETrade:VEA:Dividend                    -53.97 USD

2022-06-18 * "Dividends on portfolio"
  Assets:US:ETrade:Cash                             53.97 USD
  Income:US:ETrade:GLD:Dividend                    -53.97 USD

2022-07-08 * "Sell shares of VEA"
  Assets:US:ETrade:VEA                                 -5 VEA {173.96 USD, 2021-11-15} @ 188.68 USD
  Assets:US:ETrade:Cash                            934.45 USD
  Expenses:Financial:Commissions                     8.95 USD
  Income:US:ETrade:PnL                             -73.60 USD

2022-07-15 * "Buy shares of VEA"
  Assets:US:ETrade:Cash                           -962.30 USD
  Assets:US:ETrade:VEA                                  5 VEA {190.67 USD, 2022-07-15}
  Expenses:Financial:Commissions                     8.95 USD

2022-07-19 * "Sell shares of VHT"
  Assets:US:ETrade:VHT                                -42 VHT {120.64 USD, 2022-02-28} @ 117.97 USD
  Assets:US:ETrade:Cash                           4945.79 USD
  Expenses:Financial:Commissions                     8.95 USD
  Income:US:ETrade:PnL                             112.14 USD

2022-07-30 * "Sell shares of VHT"
  Assets:US:ETrade:VHT                                 -2 VHT {125.20 USD, 2022-01-16} @ 117.85 USD
  Assets:US:ETrade:Cash                            226.75 USD
  Expenses:Financial:Commissions                     8.95 USD
  Income:US:ETrade:PnL                              14.70 USD

2022-08-11 * "Sell shares of VEA"
  Assets:US:ETrade:VEA                                 -5 VEA {190.67 USD, 2022-07-15} @ 191.21 USD
  Assets:US:ETrade:Cash                            947.10 USD
  Expenses:Financial:Commissions                     8.95 USD
  Income:US:ETrade:PnL                              -2.70 USD

2022-09-18 * "Dividends on portfolio"
  Assets:US:ETrade:Cash                             57.78 USD
  Income:US:ETrade:VHT:Dividend                    -57.78 USD

2022-09-24 * "Sell shares of ITOT"
  Assets:US:ETrade:ITOT                                -7 ITOT {119.40 USD, 2021-11-15} @ 131.47 USD
  Assets:US:ETrade:Cash                            911.34 USD
  Expenses:Financial:Commissions                     8.95 USD
  Income:US:ETrade:PnL                             -84.49 USD

2022-10-05 * "Buy shares of VEA"
  Assets:US:ETrade:Cash                          -9890.27 USD
  Assets:US:ETrade:VEA                                 53 VEA {186.44 USD, 2022-10-05}
  Expenses:Financial:Commissions                     8.95 USD

2022-10-22 * "Buy shares of ITOT"
  Assets:US:ETrade:Cash                          -1352.15 USD
  Assets:US:ETrade:ITOT                                10 ITOT {134.32 USD, 2022-10-22}
  Expenses:Financial:Commissions                     8.95 USD

2022-10-22 * "Buy shares of GLD"
  Assets:US:ETrade:Cash                          -1370.50 USD
  Assets:US:ETrade:GLD                                 15 GLD {90.77 USD, 2022-10-22}
  Expenses:Financial:Commissions                     8.95 USD

2022-10-22 * "Buy shares of VHT"
  Assets:US:ETrade:Cash                          -1357.55 USD
  Assets:US:ETrade:VHT                                 11 VHT {122.60 USD, 2022-10-22}
  Expenses:Financial:Commissions                     8.95 USD

2022-12-17 * "Dividends on portfolio"
  Assets:US:ETrade:Cash                            113.52 USD
  Income:US:ETrade:VHT:Dividend                   -113.52 USD

2022-12-31 * "Sell shares of GLD"
  Assets:US:ETrade:GLD                                -10 GLD {85.26 USD, 2021-11-15} @ 94.40 USD
  Assets:US:ETrade:Cash                            935.05 USD
  Expenses:Financial:Commissions                     8.95 USD
  Income:US:ETrade:PnL                             -91.40 USD

2023-01-04 * "Buy shares of VEA"
  Assets:US:ETrade:Cash                           -373.47 USD
  Assets:US:ETrade:VEA                                  2 VEA {182.26 USD, 2023-01-04}
  Expenses:Financial:Commissions                     8.95 USD

2023-01-04 * "Buy shares of ITOT"
  Assets:US:ETrade:Cash                           -412.24 USD
  Assets:US:ETrade:ITOT                                 3 ITOT {134.43 USD, 2023-01-04}
  Expenses:Financial:Commissions                     8.95 USD

2023-01-18 * "Sell shares of VEA"
  Assets:US:ETrade:VEA                                -53 VEA {186.44 USD, 2022-10-05} @ 179.52 USD
  Assets:US:ETrade:Cash                           9505.61 USD
  Expenses:Financial:Commissions                     8.95 USD
  Income:US:ETrade:PnL                             366.76 USD

2023-01-26 * "Buy shares of ITOT"
  Assets:US:ETrade:Cash                          -3202.04 USD
  Assets:US:ETrade:ITOT                                23 ITOT {138.83 USD, 2023-01-26}
  Expenses:Financial:Commissions                     8.95 USD

2023-01-26 * "Buy shares of VHT"
  Assets:US:ETrade:Cash                          -3095.93 USD
  Assets:US:ETrade:VHT                                 26 VHT {118.73 USD, 2023-01-26}
  Expenses:Financial:Commissions                     8.95 USD

2023-01-26 * "Buy shares of GLD"
  Assets:US:ETrade:Cash                          -3201.21 USD
  Assets:US:ETrade:GLD                                 34 GLD {93.89 USD, 2023-01-26}
  Expenses:Financial:Commissions                     8.95 USD

2023-02-05 * "Sell shares of VHT"
  Assets:US:ETrade:VHT                                -11 VHT {122.60 USD, 2022-10-22} @ 119.32 USD
  Assets:US:ETrade:Cash                           1303.57 USD
  Expenses:Financial:Commissions                     8.95 USD
  Income:US:ETrade:PnL                              36.08 USD

2023-02-09 * "Buy shares of GLD"
  Assets:US:ETrade:Cash                           -294.67 USD
  Assets:US:ETrade:GLD                                  3 GLD {95.24 USD, 2023-02-09}
  Expenses:Financial:Commissions                     8.95 USD

2023-02-09 * "Buy shares of ITOT"
  Assets:US:ETrade:Cash                           -288.69 USD
  Assets:US:ETrade:ITOT                                 2 ITOT {139.87 USD, 2023-02-09}
  Expenses:Financial:Commissions                     8.95 USD

2023-02-09 * "Buy shares of VEA"
  Assets:US:ETrade:Cash                           -191.33 USD
  Assets:US:ETrade:VEA                                  1 VEA {182.38 USD, 2023-02-09}
  Expenses:Financial:Commissions                     8.95 USD

2023-02-09 * "Buy shares of VHT"
  Assets:US:ETrade:Cash                           -247.59 USD
  Assets:US:ETrade:VHT                                  2 VHT {119.32 USD, 2023-02-09}
  Expenses:Financial:Commissions                     8.95 USD

2023-03-01 * "Sell shares of VEA"
  Assets:US:ETrade:VEA                                 -1 VEA {182.38 USD, 2023-02-09} @ 182.30 USD
  Assets:US:ETrade:Cash                            173.35 USD
  Expenses:Financial:Commissions                     8.95 USD
  Income:US:ETrade:PnL                               0.08 USD

2023-03-18 * "Sell shares of ITOT"
  Assets:US:ETrade:ITOT                               -23 ITOT {138.83 USD, 2023-01-26} @ 143.38 USD
  Assets:US:ETrade:Cash                           3288.79 USD
  Expenses:Financial:Commissions                     8.95 USD
  Income:US:ETrade:PnL                            -104.65 USD

2023-03-18 * "Dividends on portfolio"
  Assets:US:ETrade:Cash                            158.42 USD
  Income:US:ETrade:GLD:Dividend                   -158.42 USD

2023-03-24 * "Buy shares of VEA"
  Assets:US:ETrade:Cash                          -1918.88 USD
  Assets:US:ETrade:VEA                                 11 VEA {173.63 USD, 2023-03-24}
  Expenses:Financial:Commissions                     8.95 USD

2023-03-24 * "Buy shares of VHT"
  Assets:US:ETrade:Cash                          -1981.43 USD
  Assets:US:ETrade:VHT                                 16 VHT {123.28 USD, 2023-03-24}
  Expenses:Financial:Commissions                     8.95 USD

2023-05-28 * "Sell shares of VHT"
  Assets:US:ETrade:VHT                                -26 VHT {118.73 USD, 2023-01-26} @ 127.75 USD
  Assets:US:ETrade:Cash                           3312.55 USD
  Expenses:Financial:Commissions                     8.95 USD
  Income:US:ETrade:PnL                            -234.52 USD

2023-06-18 * "Dividends on portfolio"
  Assets:US:ETrade:Cash                            173.95 USD
  Income:US:ETrade:ITOT:Dividend                  -173.95 USD

2023-06-22 * "Buy shares of GLD"
  Assets:US:ETrade:Cash                          -1631.51 USD
  Assets:US:ETrade:GLD                                 16 GLD {101.41 USD, 2023-06-22}
  Expenses:Financial:Commissions                     8.95 USD

2023-06-22 * "Buy shares of ITOT"
  Assets:US:ETrade:Cash                          -1571.39 USD
  Assets:US:ETrade:ITOT                                11 ITOT {142.04 USD, 2023-06-22}
  Expenses:Financial:Commissions                     8.95 USD

2023-07-18 * "Buy shares of VEA"
  Assets:US:ETrade:Cash                          -3203.80 USD
  Assets:US:ETrade:VEA                                 19 VEA {168.15 USD, 2023-07-18}
  Expenses:Financial:Commissions                     8.95 USD

2023-07-31 * "Sell shares of VEA"
  Assets:US:ETrade:VEA                                -11 VEA {173.63 USD, 2023-03-24} @ 170.97 USD
  Assets:US:ETrade:Cash                           1871.72 USD
  Expenses:Financial:Commissions                     8.95 USD
  Income:US:ETrade:PnL                              29.26 USD

2023-08-14 * "Buy shares of VEA"
  Assets:US:ETrade:Cash                          -4899.99 USD
  Assets:US:ETrade:VEA                                 28 VEA {174.68 USD, 2023-08-14}
  Expenses:Financial:Commissions                     8.95 USD



* Vanguard Investments

2021-01-01 open Assets:US:Vanguard:VBMPX                     VBMPX
  number: "882882"
2021-01-01 open Assets:US:Vanguard:RGAGX                     RGAGX
  number: "882882"
2021-01-01 open Assets:US:Vanguard                            USD
  address: "P.O. Box 1110, Valley Forge, PA 19482-1110"
  institution: "Vanguard Group"
  phone: "+1.800.523.1188"
2021-01-01 open Income:US:Hooli:Match401k                   USD
2021-01-01 open Assets:US:Vanguard:Cash                       USD
  number: "882882"

2021-01-08 * "Employer match for contribution"
  Assets:US:Vanguard:Cash                          600.00 USD
  Income:US:Hooli:Match401k                       -600.00 USD

2021-01-11 * "Investing 40% of cash in VBMPX"
  Assets:US:Vanguard:VBMPX                         10.857 VBMPX {44.21 USD, 2021-01-11}
  Assets:US:Vanguard:Cash                         -479.99 USD

2021-01-11 * "Investing 60% of cash in RGAGX"
  Assets:US:Vanguard:RGAGX                          4.975 RGAGX {144.71 USD, 2021-01-11}
  Assets:US:Vanguard:Cash                         -719.93 USD

2021-01-11 * "Investing 40% of cash in VBMPX"
  Assets:US:Vanguard:VBMPX                          5.429 VBMPX {44.21 USD, 2021-01-11}
  Assets:US:Vanguard:Cash                         -240.02 USD

2021-01-11 * "Investing 60% of cash in RGAGX"
  Assets:US:Vanguard:RGAGX                          2.488 RGAGX {144.71 USD, 2021-01-11}
  Assets:US:Vanguard:Cash                         -360.04 USD

2021-01-22 * "Employer match for contribution"
  Assets:US:Vanguard:Cash                          600.00 USD
  Income:US:Hooli:Match401k                       -600.00 USD

2021-01-25 * "Investing 40% of cash in VBMPX"
  Assets:US:Vanguard:VBMPX                         11.171 VBMPX {42.97 USD, 2021-01-25}
  Assets:US:Vanguard:Cash                         -480.02 USD

2021-01-25 * "Investing 60% of cash in RGAGX"
  Assets:US:Vanguard:RGAGX                          5.099 RGAGX {141.22 USD, 2021-01-25}
  Assets:US:Vanguard:Cash                         -720.08 USD

2021-01-25 * "Investing 40% of cash in VBMPX"
  Assets:US:Vanguard:VBMPX                          5.585 VBMPX {42.97 USD, 2021-01-25}
  Assets:US:Vanguard:Cash                         -239.99 USD

2021-01-25 * "Investing 60% of cash in RGAGX"
  Assets:US:Vanguard:RGAGX                          2.549 RGAGX {141.22 USD, 2021-01-25}
  Assets:US:Vanguard:Cash                         -359.97 USD

2021-02-05 * "Employer match for contribution"
  Assets:US:Vanguard:Cash                          600.00 USD
  Income:US:Hooli:Match401k                       -600.00 USD

2021-02-08 * "Investing 40% of cash in VBMPX"
  Assets:US:Vanguard:VBMPX                         11.259 VBMPX {42.63 USD, 2021-02-08}
  Assets:US:Vanguard:Cash                         -479.97 USD

2021-02-08 * "Investing 60% of cash in RGAGX"
  Assets:US:Vanguard:RGAGX                          5.213 RGAGX {138.10 USD, 2021-02-08}
  Assets:US:Vanguard:Cash                         -719.92 USD

2021-02-08 * "Investing 40% of cash in VBMPX"
  Assets:US:Vanguard:VBMPX                          5.630 VBMPX {42.63 USD, 2021-02-08}
  Assets:US:Vanguard:Cash                         -240.01 USD

2021-02-08 * "Investing 60% of cash in RGAGX"
  Assets:US:Vanguard:RGAGX                          2.607 RGAGX {138.10 USD, 2021-02-08}
  Assets:US:Vanguard:Cash                         -360.03 USD

2021-02-19 * "Employer match for contribution"
  Assets:US:Vanguard:Cash                          600.00 USD
  Income:US:Hooli:Match401k                       -600.00 USD

2021-02-22 * "Investing 40% of cash in VBMPX"
  Assets:US:Vanguard:VBMPX                         11.437 VBMPX {41.97 USD, 2021-02-22}
  Assets:US:Vanguard:Cash                         -480.01 USD

2021-02-22 * "Investing 60% of cash in RGAGX"
  Assets:US:Vanguard:RGAGX                          5.301 RGAGX {135.82 USD, 2021-02-22}
  Assets:US:Vanguard:Cash                         -719.98 USD

2021-02-22 * "Investing 40% of cash in VBMPX"
  Assets:US:Vanguard:VBMPX                          5.719 VBMPX {41.97 USD, 2021-02-22}
  Assets:US:Vanguard:Cash                         -240.03 USD

2021-02-22 * "Investing 60% of cash in RGAGX"
  Assets:US:Vanguard:RGAGX                          2.651 RGAGX {135.82 USD, 2021-02-22}
  Assets:US:Vanguard:Cash                         -360.06 USD

2021-03-05 * "Employer match for contribution"
  Assets:US:Vanguard:Cash                          600.00 USD
  Income:US:Hooli:Match401k                       -600.00 USD

2021-03-08 * "Investing 40% of cash in VBMPX"
  Assets:US:Vanguard:VBMPX                         11.423 VBMPX {42.02 USD, 2021-03-08}
  Assets:US:Vanguard:Cash                         -479.99 USD

2021-03-08 * "Investing 60% of cash in RGAGX"
  Assets:US:Vanguard:RGAGX                          5.270 RGAGX {136.61 USD, 2021-03-08}
  Assets:US:Vanguard:Cash                         -719.93 USD

2021-03-08 * "Investing 40% of cash in VBMPX"
  Assets:US:Vanguard:VBMPX                          5.712 VBMPX {42.02 USD, 2021-03-08}
  Assets:US:Vanguard:Cash                         -240.02 USD

2021-03-08 * "Investing 60% of cash in RGAGX"
  Assets:US:Vanguard:RGAGX                          2.635 RGAGX {136.61 USD, 2021-03-08}
  Assets:US:Vanguard:Cash                         -359.97 USD

2021-03-19 * "Employer match for contribution"
  Assets:US:Vanguard:Cash                          600.00 USD
  Income:US:Hooli:Match401k                       -600.00 USD

2021-03-22 * "Investing 40% of cash in VBMPX"
  Assets:US:Vanguard:VBMPX                         11.189 VBMPX {42.90 USD, 2021-03-22}
  Assets:US:Vanguard:Cash                         -480.01 USD

2021-03-22 * "Investing 60% of cash in RGAGX"
  Assets:US:Vanguard:RGAGX                          5.257 RGAGX {136.96 USD, 2021-03-22}
  Assets:US:Vanguard:Cash                         -720.00 USD

2021-03-22 * "Investing 40% of cash in VBMPX"
  Assets:US:Vanguard:VBMPX                          5.595 VBMPX {42.90 USD, 2021-03-22}
  Assets:US:Vanguard:Cash                         -240.03 USD

2021-03-22 * "Investing 60% of cash in RGAGX"
  Assets:US:Vanguard:RGAGX                          2.629 RGAGX {136.96 USD, 2021-03-22}
  Assets:US:Vanguard:Cash                         -360.07 USD

2021-04-02 * "Employer match for contribution"
  Assets:US:Vanguard:Cash                          600.00 USD
  Income:US:Hooli:Match401k                       -600.00 USD

2021-04-05 * "Investing 40% of cash in VBMPX"
  Assets:US:Vanguard:VBMPX                         11.121 VBMPX {43.16 USD, 2021-04-05}
  Assets:US:Vanguard:Cash                         -479.98 USD

2021-04-05 * "Investing 60% of cash in RGAGX"
  Assets:US:Vanguard:RGAGX                          5.288 RGAGX {136.15 USD, 2021-04-05}
  Assets:US:Vanguard:Cash                         -719.96 USD

2021-04-05 * "Investing 40% of cash in VBMPX"
  Assets:US:Vanguard:VBMPX                          5.561 VBMPX {43.16 USD, 2021-04-05}
  Assets:US:Vanguard:Cash                         -240.01 USD

2021-04-05 * "Investing 60% of cash in RGAGX"
  Assets:US:Vanguard:RGAGX                          2.644 RGAGX {136.15 USD, 2021-04-05}
  Assets:US:Vanguard:Cash                         -359.98 USD

2021-04-16 * "Employer match for contribution"
  Assets:US:Vanguard:Cash                          600.00 USD
  Income:US:Hooli:Match401k                       -600.00 USD

2021-04-19 * "Investing 40% of cash in VBMPX"
  Assets:US:Vanguard:VBMPX                         11.176 VBMPX {42.95 USD, 2021-04-19}
  Assets:US:Vanguard:Cash                         -480.01 USD

2021-04-19 * "Investing 60% of cash in RGAGX"
  Assets:US:Vanguard:RGAGX                          5.480 RGAGX {131.38 USD, 2021-04-19}
  Assets:US:Vanguard:Cash                         -719.96 USD

2021-04-19 * "Investing 40% of cash in VBMPX"
  Assets:US:Vanguard:VBMPX                          5.588 VBMPX {42.95 USD, 2021-04-19}
  Assets:US:Vanguard:Cash                         -240.00 USD

2021-04-19 * "Investing 60% of cash in RGAGX"
  Assets:US:Vanguard:RGAGX                          2.740 RGAGX {131.38 USD, 2021-04-19}
  Assets:US:Vanguard:Cash                         -359.98 USD

2021-04-30 * "Employer match for contribution"
  Assets:US:Vanguard:Cash                          600.00 USD
  Income:US:Hooli:Match401k                       -600.00 USD

2021-05-03 * "Investing 40% of cash in VBMPX"
  Assets:US:Vanguard:VBMPX                         11.258 VBMPX {42.64 USD, 2021-05-03}
  Assets:US:Vanguard:Cash                         -480.04 USD

2021-05-03 * "Investing 60% of cash in RGAGX"
  Assets:US:Vanguard:RGAGX                          5.352 RGAGX {134.53 USD, 2021-05-03}
  Assets:US:Vanguard:Cash                         -720.00 USD

2021-05-03 * "Investing 40% of cash in VBMPX"
  Assets:US:Vanguard:VBMPX                          5.629 VBMPX {42.64 USD, 2021-05-03}
  Assets:US:Vanguard:Cash                         -240.02 USD

2021-05-03 * "Investing 60% of cash in RGAGX"
  Assets:US:Vanguard:RGAGX                          2.676 RGAGX {134.53 USD, 2021-05-03}
  Assets:US:Vanguard:Cash                         -360.00 USD

2021-05-14 * "Employer match for contribution"
  Assets:US:Vanguard:Cash                          600.00 USD
  Income:US:Hooli:Match401k                       -600.00 USD

2021-05-17 * "Investing 40% of cash in VBMPX"
  Assets:US:Vanguard:VBMPX                         10.755 VBMPX {44.63 USD, 2021-05-17}
  Assets:US:Vanguard:Cash                         -480.00 USD

2021-05-17 * "Investing 60% of cash in RGAGX"
  Assets:US:Vanguard:RGAGX                          5.399 RGAGX {133.36 USD, 2021-05-17}
  Assets:US:Vanguard:Cash                         -720.01 USD

2021-05-17 * "Investing 40% of cash in VBMPX"
  Assets:US:Vanguard:VBMPX                          5.377 VBMPX {44.63 USD, 2021-05-17}
  Assets:US:Vanguard:Cash                         -239.98 USD

2021-05-17 * "Investing 60% of cash in RGAGX"
  Assets:US:Vanguard:RGAGX                          2.699 RGAGX {133.36 USD, 2021-05-17}
  Assets:US:Vanguard:Cash                         -359.94 USD

2021-05-28 * "Employer match for contribution"
  Assets:US:Vanguard:Cash                          600.00 USD
  Income:US:Hooli:Match401k                       -600.00 USD

2021-05-31 * "Investing 40% of cash in VBMPX"
  Assets:US:Vanguard:VBMPX                         11.289 VBMPX {42.52 USD, 2021-05-31}
  Assets:US:Vanguard:Cash                         -480.01 USD

2021-05-31 * "Investing 60% of cash in RGAGX"
  Assets:US:Vanguard:RGAGX                          5.300 RGAGX {135.86 USD, 2021-05-31}
  Assets:US:Vanguard:Cash                         -720.06 USD

2021-05-31 * "Investing 40% of cash in VBMPX"
  Assets:US:Vanguard:VBMPX                          5.644 VBMPX {42.52 USD, 2021-05-31}
  Assets:US:Vanguard:Cash                         -239.98 USD

2021-05-31 * "Investing 60% of cash in RGAGX"
  Assets:US:Vanguard:RGAGX                          2.650 RGAGX {135.86 USD, 2021-05-31}
  Assets:US:Vanguard:Cash                         -360.03 USD

2021-06-11 * "Employer match for contribution"
  Assets:US:Vanguard:Cash                          600.00 USD
  Income:US:Hooli:Match401k                       -600.00 USD

2021-06-14 * "Investing 40% of cash in VBMPX"
  Assets:US:Vanguard:VBMPX                         11.315 VBMPX {42.42 USD, 2021-06-14}
  Assets:US:Vanguard:Cash                         -479.98 USD

2021-06-14 * "Investing 60% of cash in RGAGX"
  Assets:US:Vanguard:RGAGX                          5.341 RGAGX {134.81 USD, 2021-06-14}
  Assets:US:Vanguard:Cash                         -720.02 USD

2021-06-14 * "Investing 40% of cash in VBMPX"
  Assets:US:Vanguard:VBMPX                          5.658 VBMPX {42.42 USD, 2021-06-14}
  Assets:US:Vanguard:Cash                         -240.01 USD

2021-06-14 * "Investing 60% of cash in RGAGX"
  Assets:US:Vanguard:RGAGX                          2.670 RGAGX {134.81 USD, 2021-06-14}
  Assets:US:Vanguard:Cash                         -359.94 USD

2021-06-25 * "Employer match for contribution"
  Assets:US:Vanguard:Cash                          600.00 USD
  Income:US:Hooli:Match401k                       -600.00 USD

2021-06-28 * "Investing 40% of cash in VBMPX"
  Assets:US:Vanguard:VBMPX                         11.148 VBMPX {43.06 USD, 2021-06-28}
  Assets:US:Vanguard:Cash                         -480.03 USD

2021-06-28 * "Investing 60% of cash in RGAGX"
  Assets:US:Vanguard:RGAGX                          5.155 RGAGX {139.68 USD, 2021-06-28}
  Assets:US:Vanguard:Cash                         -720.05 USD

2021-06-28 * "Investing 40% of cash in VBMPX"
  Assets:US:Vanguard:VBMPX                          5.573 VBMPX {43.06 USD, 2021-06-28}
  Assets:US:Vanguard:Cash                         -239.97 USD

2021-06-28 * "Investing 60% of cash in RGAGX"
  Assets:US:Vanguard:RGAGX                          2.577 RGAGX {139.68 USD, 2021-06-28}
  Assets:US:Vanguard:Cash                         -359.96 USD

2021-07-09 * "Employer match for contribution"
  Assets:US:Vanguard:Cash                          600.00 USD
  Income:US:Hooli:Match401k                       -600.00 USD

2021-07-12 * "Investing 40% of cash in VBMPX"
  Assets:US:Vanguard:VBMPX                         11.197 VBMPX {42.87 USD, 2021-07-12}
  Assets:US:Vanguard:Cash                         -480.02 USD

2021-07-12 * "Investing 60% of cash in RGAGX"
  Assets:US:Vanguard:RGAGX                          5.408 RGAGX {133.14 USD, 2021-07-12}
  Assets:US:Vanguard:Cash                         -720.02 USD

2021-07-12 * "Investing 40% of cash in VBMPX"
  Assets:US:Vanguard:VBMPX                          5.598 VBMPX {42.87 USD, 2021-07-12}
  Assets:US:Vanguard:Cash                         -239.99 USD

2021-07-12 * "Investing 60% of cash in RGAGX"
  Assets:US:Vanguard:RGAGX                          2.704 RGAGX {133.14 USD, 2021-07-12}
  Assets:US:Vanguard:Cash                         -360.01 USD

2021-07-23 * "Employer match for contribution"
  Assets:US:Vanguard:Cash                          600.00 USD
  Income:US:Hooli:Match401k                       -600.00 USD

2021-07-26 * "Investing 40% of cash in VBMPX"
  Assets:US:Vanguard:VBMPX                         11.721 VBMPX {40.95 USD, 2021-07-26}
  Assets:US:Vanguard:Cash                         -479.97 USD

2021-07-26 * "Investing 60% of cash in RGAGX"
  Assets:US:Vanguard:RGAGX                          5.298 RGAGX {135.89 USD, 2021-07-26}
  Assets:US:Vanguard:Cash                         -719.95 USD

2021-07-26 * "Investing 40% of cash in VBMPX"
  Assets:US:Vanguard:VBMPX                          5.861 VBMPX {40.95 USD, 2021-07-26}
  Assets:US:Vanguard:Cash                         -240.01 USD

2021-07-26 * "Investing 60% of cash in RGAGX"
  Assets:US:Vanguard:RGAGX                          2.649 RGAGX {135.89 USD, 2021-07-26}
  Assets:US:Vanguard:Cash                         -359.97 USD

2021-08-06 * "Employer match for contribution"
  Assets:US:Vanguard:Cash                          250.00 USD
  Income:US:Hooli:Match401k                       -250.00 USD

2021-08-09 * "Investing 40% of cash in VBMPX"
  Assets:US:Vanguard:VBMPX                          4.969 VBMPX {40.26 USD, 2021-08-09}
  Assets:US:Vanguard:Cash                         -200.05 USD

2021-08-09 * "Investing 60% of cash in RGAGX"
  Assets:US:Vanguard:RGAGX                          2.231 RGAGX {134.48 USD, 2021-08-09}
  Assets:US:Vanguard:Cash                         -300.02 USD

2021-08-09 * "Investing 40% of cash in VBMPX"
  Assets:US:Vanguard:VBMPX                          2.484 VBMPX {40.26 USD, 2021-08-09}
  Assets:US:Vanguard:Cash                         -100.01 USD

2021-08-09 * "Investing 60% of cash in RGAGX"
  Assets:US:Vanguard:RGAGX                          1.115 RGAGX {134.48 USD, 2021-08-09}
  Assets:US:Vanguard:Cash                         -149.95 USD

2022-01-07 * "Employer match for contribution"
  Assets:US:Vanguard:Cash                          600.00 USD
  Income:US:Hooli:Match401k                       -600.00 USD

2022-01-10 * "Investing 40% of cash in VBMPX"
  Assets:US:Vanguard:VBMPX                         12.439 VBMPX {38.59 USD, 2022-01-10}
  Assets:US:Vanguard:Cash                         -480.02 USD

2022-01-10 * "Investing 60% of cash in RGAGX"
  Assets:US:Vanguard:RGAGX                          4.760 RGAGX {151.26 USD, 2022-01-10}
  Assets:US:Vanguard:Cash                         -720.00 USD

2022-01-10 * "Investing 40% of cash in VBMPX"
  Assets:US:Vanguard:VBMPX                          6.220 VBMPX {38.59 USD, 2022-01-10}
  Assets:US:Vanguard:Cash                         -240.03 USD

2022-01-10 * "Investing 60% of cash in RGAGX"
  Assets:US:Vanguard:RGAGX                          2.380 RGAGX {151.26 USD, 2022-01-10}
  Assets:US:Vanguard:Cash                         -360.00 USD

2022-01-21 * "Employer match for contribution"
  Assets:US:Vanguard:Cash                          600.00 USD
  Income:US:Hooli:Match401k                       -600.00 USD

2022-01-24 * "Investing 40% of cash in VBMPX"
  Assets:US:Vanguard:VBMPX                         12.615 VBMPX {38.05 USD, 2022-01-24}
  Assets:US:Vanguard:Cash                         -480.00 USD

2022-01-24 * "Investing 60% of cash in RGAGX"
  Assets:US:Vanguard:RGAGX                          4.873 RGAGX {147.75 USD, 2022-01-24}
  Assets:US:Vanguard:Cash                         -719.99 USD

2022-01-24 * "Investing 40% of cash in VBMPX"
  Assets:US:Vanguard:VBMPX                          6.308 VBMPX {38.05 USD, 2022-01-24}
  Assets:US:Vanguard:Cash                         -240.02 USD

2022-01-24 * "Investing 60% of cash in RGAGX"
  Assets:US:Vanguard:RGAGX                          2.437 RGAGX {147.75 USD, 2022-01-24}
  Assets:US:Vanguard:Cash                         -360.07 USD

2022-02-04 * "Employer match for contribution"
  Assets:US:Vanguard:Cash                          600.00 USD
  Income:US:Hooli:Match401k                       -600.00 USD

2022-02-07 * "Investing 40% of cash in VBMPX"
  Assets:US:Vanguard:VBMPX                         12.892 VBMPX {37.23 USD, 2022-02-07}
  Assets:US:Vanguard:Cash                         -479.97 USD

2022-02-07 * "Investing 60% of cash in RGAGX"
  Assets:US:Vanguard:RGAGX                          4.751 RGAGX {151.53 USD, 2022-02-07}
  Assets:US:Vanguard:Cash                         -719.92 USD

2022-02-07 * "Investing 40% of cash in VBMPX"
  Assets:US:Vanguard:VBMPX                          6.447 VBMPX {37.23 USD, 2022-02-07}
  Assets:US:Vanguard:Cash                         -240.02 USD

2022-02-07 * "Investing 60% of cash in RGAGX"
  Assets:US:Vanguard:RGAGX                          2.376 RGAGX {151.53 USD, 2022-02-07}
  Assets:US:Vanguard:Cash                         -360.04 USD

2022-02-18 * "Employer match for contribution"
  Assets:US:Vanguard:Cash                          600.00 USD
  Income:US:Hooli:Match401k                       -600.00 USD

2022-02-21 * "Investing 40% of cash in VBMPX"
  Assets:US:Vanguard:VBMPX                         12.615 VBMPX {38.05 USD, 2022-02-21}
  Assets:US:Vanguard:Cash                         -480.00 USD

2022-02-21 * "Investing 60% of cash in RGAGX"
  Assets:US:Vanguard:RGAGX                          4.750 RGAGX {151.57 USD, 2022-02-21}
  Assets:US:Vanguard:Cash                         -719.96 USD

2022-02-21 * "Investing 40% of cash in VBMPX"
  Assets:US:Vanguard:VBMPX                          6.308 VBMPX {38.05 USD, 2022-02-21}
  Assets:US:Vanguard:Cash                         -240.02 USD

2022-02-21 * "Investing 60% of cash in RGAGX"
  Assets:US:Vanguard:RGAGX                          2.375 RGAGX {151.57 USD, 2022-02-21}
  Assets:US:Vanguard:Cash                         -359.98 USD

2022-03-04 * "Employer match for contribution"
  Assets:US:Vanguard:Cash                          600.00 USD
  Income:US:Hooli:Match401k                       -600.00 USD

2022-03-07 * "Investing 40% of cash in VBMPX"
  Assets:US:Vanguard:VBMPX                         12.416 VBMPX {38.66 USD, 2022-03-07}
  Assets:US:Vanguard:Cash                         -480.00 USD

2022-03-07 * "Investing 60% of cash in RGAGX"
  Assets:US:Vanguard:RGAGX                          4.724 RGAGX {152.40 USD, 2022-03-07}
  Assets:US:Vanguard:Cash                         -719.94 USD

2022-03-07 * "Investing 40% of cash in VBMPX"
  Assets:US:Vanguard:VBMPX                          6.209 VBMPX {38.66 USD, 2022-03-07}
  Assets:US:Vanguard:Cash                         -240.04 USD

2022-03-07 * "Investing 60% of cash in RGAGX"
  Assets:US:Vanguard:RGAGX                          2.362 RGAGX {152.40 USD, 2022-03-07}
  Assets:US:Vanguard:Cash                         -359.97 USD

2022-03-18 * "Employer match for contribution"
  Assets:US:Vanguard:Cash                          600.00 USD
  Income:US:Hooli:Match401k                       -600.00 USD

2022-03-21 * "Investing 40% of cash in VBMPX"
  Assets:US:Vanguard:VBMPX                         11.774 VBMPX {40.77 USD, 2022-03-21}
  Assets:US:Vanguard:Cash                         -480.03 USD

2022-03-21 * "Investing 60% of cash in RGAGX"
  Assets:US:Vanguard:RGAGX                          4.932 RGAGX {145.99 USD, 2022-03-21}
  Assets:US:Vanguard:Cash                         -720.02 USD

2022-03-21 * "Investing 40% of cash in VBMPX"
  Assets:US:Vanguard:VBMPX                          5.887 VBMPX {40.77 USD, 2022-03-21}
  Assets:US:Vanguard:Cash                         -240.01 USD

2022-03-21 * "Investing 60% of cash in RGAGX"
  Assets:US:Vanguard:RGAGX                          2.466 RGAGX {145.99 USD, 2022-03-21}
  Assets:US:Vanguard:Cash                         -360.01 USD

2022-04-01 * "Employer match for contribution"
  Assets:US:Vanguard:Cash                          600.00 USD
  Income:US:Hooli:Match401k                       -600.00 USD

2022-04-04 * "Investing 40% of cash in VBMPX"
  Assets:US:Vanguard:VBMPX                         11.591 VBMPX {41.41 USD, 2022-04-04}
  Assets:US:Vanguard:Cash                         -479.98 USD

2022-04-04 * "Investing 60% of cash in RGAGX"
  Assets:US:Vanguard:RGAGX                          4.895 RGAGX {147.08 USD, 2022-04-04}
  Assets:US:Vanguard:Cash                         -719.96 USD

2022-04-04 * "Investing 40% of cash in VBMPX"
  Assets:US:Vanguard:VBMPX                          5.796 VBMPX {41.41 USD, 2022-04-04}
  Assets:US:Vanguard:Cash                         -240.01 USD

2022-04-04 * "Investing 60% of cash in RGAGX"
  Assets:US:Vanguard:RGAGX                          2.448 RGAGX {147.08 USD, 2022-04-04}
  Assets:US:Vanguard:Cash                         -360.05 USD

2022-04-15 * "Employer match for contribution"
  Assets:US:Vanguard:Cash                          600.00 USD
  Income:US:Hooli:Match401k                       -600.00 USD

2022-04-18 * "Investing 40% of cash in VBMPX"
  Assets:US:Vanguard:VBMPX                         11.536 VBMPX {41.61 USD, 2022-04-18}
  Assets:US:Vanguard:Cash                         -480.01 USD

2022-04-18 * "Investing 60% of cash in RGAGX"
  Assets:US:Vanguard:RGAGX                          5.017 RGAGX {143.51 USD, 2022-04-18}
  Assets:US:Vanguard:Cash                         -719.99 USD

2022-04-18 * "Investing 40% of cash in VBMPX"
  Assets:US:Vanguard:VBMPX                          5.768 VBMPX {41.61 USD, 2022-04-18}
  Assets:US:Vanguard:Cash                         -240.01 USD

2022-04-18 * "Investing 60% of cash in RGAGX"
  Assets:US:Vanguard:RGAGX                          2.508 RGAGX {143.51 USD, 2022-04-18}
  Assets:US:Vanguard:Cash                         -359.92 USD

2022-04-29 * "Employer match for contribution"
  Assets:US:Vanguard:Cash                          600.00 USD
  Income:US:Hooli:Match401k                       -600.00 USD

2022-05-02 * "Investing 40% of cash in VBMPX"
  Assets:US:Vanguard:VBMPX                         11.643 VBMPX {41.23 USD, 2022-05-02}
  Assets:US:Vanguard:Cash                         -480.04 USD

2022-05-02 * "Investing 60% of cash in RGAGX"
  Assets:US:Vanguard:RGAGX                          5.139 RGAGX {140.10 USD, 2022-05-02}
  Assets:US:Vanguard:Cash                         -719.97 USD

2022-05-02 * "Investing 40% of cash in VBMPX"
  Assets:US:Vanguard:VBMPX                          5.821 VBMPX {41.23 USD, 2022-05-02}
  Assets:US:Vanguard:Cash                         -240.00 USD

2022-05-02 * "Investing 60% of cash in RGAGX"
  Assets:US:Vanguard:RGAGX                          2.570 RGAGX {140.10 USD, 2022-05-02}
  Assets:US:Vanguard:Cash                         -360.06 USD

2022-05-13 * "Employer match for contribution"
  Assets:US:Vanguard:Cash                          600.00 USD
  Income:US:Hooli:Match401k                       -600.00 USD

2022-05-16 * "Investing 40% of cash in VBMPX"
  Assets:US:Vanguard:VBMPX                         11.896 VBMPX {40.35 USD, 2022-05-16}
  Assets:US:Vanguard:Cash                         -480.00 USD

2022-05-16 * "Investing 60% of cash in RGAGX"
  Assets:US:Vanguard:RGAGX                          5.321 RGAGX {135.30 USD, 2022-05-16}
  Assets:US:Vanguard:Cash                         -719.93 USD

2022-05-16 * "Investing 40% of cash in VBMPX"
  Assets:US:Vanguard:VBMPX                          5.949 VBMPX {40.35 USD, 2022-05-16}
  Assets:US:Vanguard:Cash                         -240.04 USD

2022-05-16 * "Investing 60% of cash in RGAGX"
  Assets:US:Vanguard:RGAGX                          2.661 RGAGX {135.30 USD, 2022-05-16}
  Assets:US:Vanguard:Cash                         -360.03 USD

2022-05-27 * "Employer match for contribution"
  Assets:US:Vanguard:Cash                          600.00 USD
  Income:US:Hooli:Match401k                       -600.00 USD

2022-05-30 * "Investing 40% of cash in VBMPX"
  Assets:US:Vanguard:VBMPX                         11.642 VBMPX {41.23 USD, 2022-05-30}
  Assets:US:Vanguard:Cash                         -480.00 USD

2022-05-30 * "Investing 60% of cash in RGAGX"
  Assets:US:Vanguard:RGAGX                          5.182 RGAGX {138.94 USD, 2022-05-30}
  Assets:US:Vanguard:Cash                         -719.99 USD

2022-05-30 * "Investing 40% of cash in VBMPX"
  Assets:US:Vanguard:VBMPX                          5.821 VBMPX {41.23 USD, 2022-05-30}
  Assets:US:Vanguard:Cash                         -240.00 USD

2022-05-30 * "Investing 60% of cash in RGAGX"
  Assets:US:Vanguard:RGAGX                          2.591 RGAGX {138.94 USD, 2022-05-30}
  Assets:US:Vanguard:Cash                         -359.99 USD

2022-06-10 * "Employer match for contribution"
  Assets:US:Vanguard:Cash                          600.00 USD
  Income:US:Hooli:Match401k                       -600.00 USD

2022-06-13 * "Investing 40% of cash in VBMPX"
  Assets:US:Vanguard:VBMPX                         11.533 VBMPX {41.62 USD, 2022-06-13}
  Assets:US:Vanguard:Cash                         -480.00 USD

2022-06-13 * "Investing 60% of cash in RGAGX"
  Assets:US:Vanguard:RGAGX                          5.033 RGAGX {143.07 USD, 2022-06-13}
  Assets:US:Vanguard:Cash                         -720.07 USD

2022-06-13 * "Investing 40% of cash in VBMPX"
  Assets:US:Vanguard:VBMPX                          5.766 VBMPX {41.62 USD, 2022-06-13}
  Assets:US:Vanguard:Cash                         -239.98 USD

2022-06-13 * "Investing 60% of cash in RGAGX"
  Assets:US:Vanguard:RGAGX                          2.516 RGAGX {143.07 USD, 2022-06-13}
  Assets:US:Vanguard:Cash                         -359.96 USD

2022-06-24 * "Employer match for contribution"
  Assets:US:Vanguard:Cash                          600.00 USD
  Income:US:Hooli:Match401k                       -600.00 USD

2022-06-27 * "Investing 40% of cash in VBMPX"
  Assets:US:Vanguard:VBMPX                         11.788 VBMPX {40.72 USD, 2022-06-27}
  Assets:US:Vanguard:Cash                         -480.01 USD

2022-06-27 * "Investing 60% of cash in RGAGX"
  Assets:US:Vanguard:RGAGX                          5.168 RGAGX {139.31 USD, 2022-06-27}
  Assets:US:Vanguard:Cash                         -719.95 USD

2022-06-27 * "Investing 40% of cash in VBMPX"
  Assets:US:Vanguard:VBMPX                          5.894 VBMPX {40.72 USD, 2022-06-27}
  Assets:US:Vanguard:Cash                         -240.00 USD

2022-06-27 * "Investing 60% of cash in RGAGX"
  Assets:US:Vanguard:RGAGX                          2.584 RGAGX {139.31 USD, 2022-06-27}
  Assets:US:Vanguard:Cash                         -359.98 USD

2022-07-08 * "Employer match for contribution"
  Assets:US:Vanguard:Cash                          600.00 USD
  Income:US:Hooli:Match401k                       -600.00 USD

2022-07-11 * "Investing 40% of cash in VBMPX"
  Assets:US:Vanguard:VBMPX                         11.867 VBMPX {40.45 USD, 2022-07-11}
  Assets:US:Vanguard:Cash                         -480.02 USD

2022-07-11 * "Investing 60% of cash in RGAGX"
  Assets:US:Vanguard:RGAGX                          5.314 RGAGX {135.49 USD, 2022-07-11}
  Assets:US:Vanguard:Cash                         -719.99 USD

2022-07-11 * "Investing 40% of cash in VBMPX"
  Assets:US:Vanguard:VBMPX                          5.934 VBMPX {40.45 USD, 2022-07-11}
  Assets:US:Vanguard:Cash                         -240.03 USD

2022-07-11 * "Investing 60% of cash in RGAGX"
  Assets:US:Vanguard:RGAGX                          2.657 RGAGX {135.49 USD, 2022-07-11}
  Assets:US:Vanguard:Cash                         -360.00 USD

2022-07-22 * "Employer match for contribution"
  Assets:US:Vanguard:Cash                          600.00 USD
  Income:US:Hooli:Match401k                       -600.00 USD

2022-07-25 * "Investing 40% of cash in VBMPX"
  Assets:US:Vanguard:VBMPX                         12.143 VBMPX {39.53 USD, 2022-07-25}
  Assets:US:Vanguard:Cash                         -480.01 USD

2022-07-25 * "Investing 60% of cash in RGAGX"
  Assets:US:Vanguard:RGAGX                          5.316 RGAGX {135.43 USD, 2022-07-25}
  Assets:US:Vanguard:Cash                         -719.95 USD

2022-07-25 * "Investing 40% of cash in VBMPX"
  Assets:US:Vanguard:VBMPX                          6.072 VBMPX {39.53 USD, 2022-07-25}
  Assets:US:Vanguard:Cash                         -240.03 USD

2022-07-25 * "Investing 60% of cash in RGAGX"
  Assets:US:Vanguard:RGAGX                          2.658 RGAGX {135.43 USD, 2022-07-25}
  Assets:US:Vanguard:Cash                         -359.97 USD

2022-08-05 * "Employer match for contribution"
  Assets:US:Vanguard:Cash                          250.00 USD
  Income:US:Hooli:Match401k                       -250.00 USD

2022-08-08 * "Investing 40% of cash in VBMPX"
  Assets:US:Vanguard:VBMPX                          5.117 VBMPX {39.09 USD, 2022-08-08}
  Assets:US:Vanguard:Cash                         -200.02 USD

2022-08-08 * "Investing 60% of cash in RGAGX"
  Assets:US:Vanguard:RGAGX                          2.168 RGAGX {138.40 USD, 2022-08-08}
  Assets:US:Vanguard:Cash                         -300.05 USD

2022-08-08 * "Investing 40% of cash in VBMPX"
  Assets:US:Vanguard:VBMPX                          2.558 VBMPX {39.09 USD, 2022-08-08}
  Assets:US:Vanguard:Cash                          -99.99 USD

2022-08-08 * "Investing 60% of cash in RGAGX"
  Assets:US:Vanguard:RGAGX                          1.084 RGAGX {138.40 USD, 2022-08-08}
  Assets:US:Vanguard:Cash                         -150.03 USD

2023-01-06 * "Employer match for contribution"
  Assets:US:Vanguard:Cash                          600.00 USD
  Income:US:Hooli:Match401k                       -600.00 USD

2023-01-09 * "Investing 40% of cash in VBMPX"
  Assets:US:Vanguard:VBMPX                         12.276 VBMPX {39.10 USD, 2023-01-09}
  Assets:US:Vanguard:Cash                         -479.99 USD

2023-01-09 * "Investing 60% of cash in RGAGX"
  Assets:US:Vanguard:RGAGX                          5.676 RGAGX {126.85 USD, 2023-01-09}
  Assets:US:Vanguard:Cash                         -720.00 USD

2023-01-09 * "Investing 40% of cash in VBMPX"
  Assets:US:Vanguard:VBMPX                          6.138 VBMPX {39.10 USD, 2023-01-09}
  Assets:US:Vanguard:Cash                         -240.00 USD

2023-01-09 * "Investing 60% of cash in RGAGX"
  Assets:US:Vanguard:RGAGX                          2.838 RGAGX {126.85 USD, 2023-01-09}
  Assets:US:Vanguard:Cash                         -360.00 USD

2023-01-20 * "Employer match for contribution"
  Assets:US:Vanguard:Cash                          600.00 USD
  Income:US:Hooli:Match401k                       -600.00 USD

2023-01-23 * "Investing 40% of cash in VBMPX"
  Assets:US:Vanguard:VBMPX                         12.097 VBMPX {39.68 USD, 2023-01-23}
  Assets:US:Vanguard:Cash                         -480.01 USD

2023-01-23 * "Investing 60% of cash in RGAGX"
  Assets:US:Vanguard:RGAGX                          5.548 RGAGX {129.77 USD, 2023-01-23}
  Assets:US:Vanguard:Cash                         -719.96 USD

2023-01-23 * "Investing 40% of cash in VBMPX"
  Assets:US:Vanguard:VBMPX                          6.048 VBMPX {39.68 USD, 2023-01-23}
  Assets:US:Vanguard:Cash                         -239.98 USD

2023-01-23 * "Investing 60% of cash in RGAGX"
  Assets:US:Vanguard:RGAGX                          2.774 RGAGX {129.77 USD, 2023-01-23}
  Assets:US:Vanguard:Cash                         -359.98 USD

2023-02-03 * "Employer match for contribution"
  Assets:US:Vanguard:Cash                          600.00 USD
  Income:US:Hooli:Match401k                       -600.00 USD

2023-02-06 * "Investing 40% of cash in VBMPX"
  Assets:US:Vanguard:VBMPX                         12.143 VBMPX {39.53 USD, 2023-02-06}
  Assets:US:Vanguard:Cash                         -480.01 USD

2023-02-06 * "Investing 60% of cash in RGAGX"
  Assets:US:Vanguard:RGAGX                          5.592 RGAGX {128.76 USD, 2023-02-06}
  Assets:US:Vanguard:Cash                         -720.03 USD

2023-02-06 * "Investing 40% of cash in VBMPX"
  Assets:US:Vanguard:VBMPX                          6.071 VBMPX {39.53 USD, 2023-02-06}
  Assets:US:Vanguard:Cash                         -239.99 USD

2023-02-06 * "Investing 60% of cash in RGAGX"
  Assets:US:Vanguard:RGAGX                          2.796 RGAGX {128.76 USD, 2023-02-06}
  Assets:US:Vanguard:Cash                         -360.01 USD

2023-02-17 * "Employer match for contribution"
  Assets:US:Vanguard:Cash                          600.00 USD
  Income:US:Hooli:Match401k                       -600.00 USD

2023-02-20 * "Investing 40% of cash in VBMPX"
  Assets:US:Vanguard:VBMPX                         12.115 VBMPX {39.62 USD, 2023-02-20}
  Assets:US:Vanguard:Cash                         -480.00 USD

2023-02-20 * "Investing 60% of cash in RGAGX"
  Assets:US:Vanguard:RGAGX                          5.605 RGAGX {128.46 USD, 2023-02-20}
  Assets:US:Vanguard:Cash                         -720.02 USD

2023-02-20 * "Investing 40% of cash in VBMPX"
  Assets:US:Vanguard:VBMPX                          6.057 VBMPX {39.62 USD, 2023-02-20}
  Assets:US:Vanguard:Cash                         -239.98 USD

2023-02-20 * "Investing 60% of cash in RGAGX"
  Assets:US:Vanguard:RGAGX                          2.802 RGAGX {128.46 USD, 2023-02-20}
  Assets:US:Vanguard:Cash                         -359.94 USD

2023-03-03 * "Employer match for contribution"
  Assets:US:Vanguard:Cash                          600.00 USD
  Income:US:Hooli:Match401k                       -600.00 USD

2023-03-06 * "Investing 40% of cash in VBMPX"
  Assets:US:Vanguard:VBMPX                         12.436 VBMPX {38.60 USD, 2023-03-06}
  Assets:US:Vanguard:Cash                         -480.03 USD

2023-03-06 * "Investing 60% of cash in RGAGX"
  Assets:US:Vanguard:RGAGX                          5.754 RGAGX {125.14 USD, 2023-03-06}
  Assets:US:Vanguard:Cash                         -720.06 USD

2023-03-06 * "Investing 40% of cash in VBMPX"
  Assets:US:Vanguard:VBMPX                          6.217 VBMPX {38.60 USD, 2023-03-06}
  Assets:US:Vanguard:Cash                         -239.98 USD

2023-03-06 * "Investing 60% of cash in RGAGX"
  Assets:US:Vanguard:RGAGX                          2.877 RGAGX {125.14 USD, 2023-03-06}
  Assets:US:Vanguard:Cash                         -360.03 USD

2023-03-17 * "Employer match for contribution"
  Assets:US:Vanguard:Cash                          600.00 USD
  Income:US:Hooli:Match401k                       -600.00 USD

2023-03-20 * "Investing 40% of cash in VBMPX"
  Assets:US:Vanguard:VBMPX                         12.124 VBMPX {39.59 USD, 2023-03-20}
  Assets:US:Vanguard:Cash                         -479.99 USD

2023-03-20 * "Investing 60% of cash in RGAGX"
  Assets:US:Vanguard:RGAGX                          5.639 RGAGX {127.67 USD, 2023-03-20}
  Assets:US:Vanguard:Cash                         -719.93 USD

2023-03-20 * "Investing 40% of cash in VBMPX"
  Assets:US:Vanguard:VBMPX                          6.063 VBMPX {39.59 USD, 2023-03-20}
  Assets:US:Vanguard:Cash                         -240.03 USD

2023-03-20 * "Investing 60% of cash in RGAGX"
  Assets:US:Vanguard:RGAGX                          2.820 RGAGX {127.67 USD, 2023-03-20}
  Assets:US:Vanguard:Cash                         -360.03 USD

2023-03-31 * "Employer match for contribution"
  Assets:US:Vanguard:Cash                          600.00 USD
  Income:US:Hooli:Match401k                       -600.00 USD

2023-04-03 * "Investing 40% of cash in VBMPX"
  Assets:US:Vanguard:VBMPX                         12.317 VBMPX {38.97 USD, 2023-04-03}
  Assets:US:Vanguard:Cash                         -479.99 USD

2023-04-03 * "Investing 60% of cash in RGAGX"
  Assets:US:Vanguard:RGAGX                          5.667 RGAGX {127.06 USD, 2023-04-03}
  Assets:US:Vanguard:Cash                         -720.05 USD

2023-04-03 * "Investing 40% of cash in VBMPX"
  Assets:US:Vanguard:VBMPX                          6.158 VBMPX {38.97 USD, 2023-04-03}
  Assets:US:Vanguard:Cash                         -239.98 USD

2023-04-03 * "Investing 60% of cash in RGAGX"
  Assets:US:Vanguard:RGAGX                          2.833 RGAGX {127.06 USD, 2023-04-03}
  Assets:US:Vanguard:Cash                         -359.96 USD

2023-04-14 * "Employer match for contribution"
  Assets:US:Vanguard:Cash                          600.00 USD
  Income:US:Hooli:Match401k                       -600.00 USD

2023-04-17 * "Investing 40% of cash in VBMPX"
  Assets:US:Vanguard:VBMPX                         12.223 VBMPX {39.27 USD, 2023-04-17}
  Assets:US:Vanguard:Cash                         -480.00 USD

2023-04-17 * "Investing 60% of cash in RGAGX"
  Assets:US:Vanguard:RGAGX                          5.904 RGAGX {121.95 USD, 2023-04-17}
  Assets:US:Vanguard:Cash                         -719.99 USD

2023-04-17 * "Investing 40% of cash in VBMPX"
  Assets:US:Vanguard:VBMPX                          6.112 VBMPX {39.27 USD, 2023-04-17}
  Assets:US:Vanguard:Cash                         -240.02 USD

2023-04-17 * "Investing 60% of cash in RGAGX"
  Assets:US:Vanguard:RGAGX                          2.952 RGAGX {121.95 USD, 2023-04-17}
  Assets:US:Vanguard:Cash                         -360.00 USD

2023-04-28 * "Employer match for contribution"
  Assets:US:Vanguard:Cash                          600.00 USD
  Income:US:Hooli:Match401k                       -600.00 USD

2023-05-01 * "Investing 40% of cash in VBMPX"
  Assets:US:Vanguard:VBMPX                         12.075 VBMPX {39.75 USD, 2023-05-01}
  Assets:US:Vanguard:Cash                         -479.98 USD

2023-05-01 * "Investing 60% of cash in RGAGX"
  Assets:US:Vanguard:RGAGX                          5.794 RGAGX {124.27 USD, 2023-05-01}
  Assets:US:Vanguard:Cash                         -720.02 USD

2023-05-01 * "Investing 40% of cash in VBMPX"
  Assets:US:Vanguard:VBMPX                          6.038 VBMPX {39.75 USD, 2023-05-01}
  Assets:US:Vanguard:Cash                         -240.01 USD

2023-05-01 * "Investing 60% of cash in RGAGX"
  Assets:US:Vanguard:RGAGX                          2.897 RGAGX {124.27 USD, 2023-05-01}
  Assets:US:Vanguard:Cash                         -360.01 USD

2023-05-12 * "Employer match for contribution"
  Assets:US:Vanguard:Cash                          600.00 USD
  Income:US:Hooli:Match401k                       -600.00 USD

2023-05-15 * "Investing 40% of cash in VBMPX"
  Assets:US:Vanguard:VBMPX                         12.063 VBMPX {39.79 USD, 2023-05-15}
  Assets:US:Vanguard:Cash                         -479.99 USD

2023-05-15 * "Investing 60% of cash in RGAGX"
  Assets:US:Vanguard:RGAGX                          6.077 RGAGX {118.48 USD, 2023-05-15}
  Assets:US:Vanguard:Cash                         -720.00 USD

2023-05-15 * "Investing 40% of cash in VBMPX"
  Assets:US:Vanguard:VBMPX                          6.032 VBMPX {39.79 USD, 2023-05-15}
  Assets:US:Vanguard:Cash                         -240.01 USD

2023-05-15 * "Investing 60% of cash in RGAGX"
  Assets:US:Vanguard:RGAGX                          3.038 RGAGX {118.48 USD, 2023-05-15}
  Assets:US:Vanguard:Cash                         -359.94 USD

2023-05-26 * "Employer match for contribution"
  Assets:US:Vanguard:Cash                          600.00 USD
  Income:US:Hooli:Match401k                       -600.00 USD

2023-05-29 * "Investing 40% of cash in VBMPX"
  Assets:US:Vanguard:VBMPX                         12.146 VBMPX {39.52 USD, 2023-05-29}
  Assets:US:Vanguard:Cash                         -480.01 USD

2023-05-29 * "Investing 60% of cash in RGAGX"
  Assets:US:Vanguard:RGAGX                          6.093 RGAGX {118.18 USD, 2023-05-29}
  Assets:US:Vanguard:Cash                         -720.07 USD

2023-05-29 * "Investing 40% of cash in VBMPX"
  Assets:US:Vanguard:VBMPX                          6.072 VBMPX {39.52 USD, 2023-05-29}
  Assets:US:Vanguard:Cash                         -239.97 USD

2023-05-29 * "Investing 60% of cash in RGAGX"
  Assets:US:Vanguard:RGAGX                          3.046 RGAGX {118.18 USD, 2023-05-29}
  Assets:US:Vanguard:Cash                         -359.98 USD

2023-06-09 * "Employer match for contribution"
  Assets:US:Vanguard:Cash                          600.00 USD
  Income:US:Hooli:Match401k                       -600.00 USD

2023-06-12 * "Investing 40% of cash in VBMPX"
  Assets:US:Vanguard:VBMPX                         12.180 VBMPX {39.41 USD, 2023-06-12}
  Assets:US:Vanguard:Cash                         -480.01 USD

2023-06-12 * "Investing 60% of cash in RGAGX"
  Assets:US:Vanguard:RGAGX                          5.901 RGAGX {122.01 USD, 2023-06-12}
  Assets:US:Vanguard:Cash                         -719.98 USD

2023-06-12 * "Investing 40% of cash in VBMPX"
  Assets:US:Vanguard:VBMPX                          6.090 VBMPX {39.41 USD, 2023-06-12}
  Assets:US:Vanguard:Cash                         -240.01 USD

2023-06-12 * "Investing 60% of cash in RGAGX"
  Assets:US:Vanguard:RGAGX                          2.951 RGAGX {122.01 USD, 2023-06-12}
  Assets:US:Vanguard:Cash                         -360.05 USD

2023-06-23 * "Employer match for contribution"
  Assets:US:Vanguard:Cash                          600.00 USD
  Income:US:Hooli:Match401k                       -600.00 USD

2023-06-26 * "Investing 40% of cash in VBMPX"
  Assets:US:Vanguard:VBMPX                         12.161 VBMPX {39.47 USD, 2023-06-26}
  Assets:US:Vanguard:Cash                         -479.99 USD

2023-06-26 * "Investing 60% of cash in RGAGX"
  Assets:US:Vanguard:RGAGX                          5.957 RGAGX {120.86 USD, 2023-06-26}
  Assets:US:Vanguard:Cash                         -719.96 USD

2023-06-26 * "Investing 40% of cash in VBMPX"
  Assets:US:Vanguard:VBMPX                          6.081 VBMPX {39.47 USD, 2023-06-26}
  Assets:US:Vanguard:Cash                         -240.02 USD

2023-06-26 * "Investing 60% of cash in RGAGX"
  Assets:US:Vanguard:RGAGX                          2.979 RGAGX {120.86 USD, 2023-06-26}
  Assets:US:Vanguard:Cash                         -360.04 USD

2023-07-07 * "Employer match for contribution"
  Assets:US:Vanguard:Cash                          600.00 USD
  Income:US:Hooli:Match401k                       -600.00 USD

2023-07-10 * "Investing 40% of cash in VBMPX"
  Assets:US:Vanguard:VBMPX                         12.565 VBMPX {38.20 USD, 2023-07-10}
  Assets:US:Vanguard:Cash                         -479.98 USD

2023-07-10 * "Investing 60% of cash in RGAGX"
  Assets:US:Vanguard:RGAGX                          5.971 RGAGX {120.58 USD, 2023-07-10}
  Assets:US:Vanguard:Cash                         -719.98 USD

2023-07-10 * "Investing 40% of cash in VBMPX"
  Assets:US:Vanguard:VBMPX                          6.283 VBMPX {38.20 USD, 2023-07-10}
  Assets:US:Vanguard:Cash                         -240.01 USD

2023-07-10 * "Investing 60% of cash in RGAGX"
  Assets:US:Vanguard:RGAGX                          2.986 RGAGX {120.58 USD, 2023-07-10}
  Assets:US:Vanguard:Cash                         -360.05 USD

2023-07-21 * "Employer match for contribution"
  Assets:US:Vanguard:Cash                          600.00 USD
  Income:US:Hooli:Match401k                       -600.00 USD

2023-07-24 * "Investing 40% of cash in VBMPX"
  Assets:US:Vanguard:VBMPX                         12.241 VBMPX {39.21 USD, 2023-07-24}
  Assets:US:Vanguard:Cash                         -479.97 USD

2023-07-24 * "Investing 60% of cash in RGAGX"
  Assets:US:Vanguard:RGAGX                          6.036 RGAGX {119.27 USD, 2023-07-24}
  Assets:US:Vanguard:Cash                         -719.91 USD

2023-07-24 * "Investing 40% of cash in VBMPX"
  Assets:US:Vanguard:VBMPX                          6.121 VBMPX {39.21 USD, 2023-07-24}
  Assets:US:Vanguard:Cash                         -240.00 USD

2023-07-24 * "Investing 60% of cash in RGAGX"
  Assets:US:Vanguard:RGAGX                          3.019 RGAGX {119.27 USD, 2023-07-24}
  Assets:US:Vanguard:Cash                         -360.08 USD

2023-08-04 * "Employer match for contribution"
  Assets:US:Vanguard:Cash                          250.00 USD
  Income:US:Hooli:Match401k                       -250.00 USD

2023-08-07 * "Investing 40% of cash in VBMPX"
  Assets:US:Vanguard:VBMPX                          5.051 VBMPX {39.59 USD, 2023-08-07}
  Assets:US:Vanguard:Cash                         -199.97 USD

2023-08-07 * "Investing 60% of cash in RGAGX"
  Assets:US:Vanguard:RGAGX                          2.470 RGAGX {121.47 USD, 2023-08-07}
  Assets:US:Vanguard:Cash                         -300.03 USD

2023-08-07 * "Investing 40% of cash in VBMPX"
  Assets:US:Vanguard:VBMPX                          2.526 VBMPX {39.59 USD, 2023-08-07}
  Assets:US:Vanguard:Cash                         -100.00 USD

2023-08-07 * "Investing 60% of cash in RGAGX"
  Assets:US:Vanguard:RGAGX                          1.235 RGAGX {121.47 USD, 2023-08-07}
  Assets:US:Vanguard:Cash                         -150.02 USD



* Sources of Income

2021-01-01 open Income:US:Hooli:Salary                      USD
2021-01-01 open Income:US:Hooli:GroupTermLife               USD
2021-01-01 open Income:US:Hooli:Vacation                    VACHR
2021-01-01 open Assets:US:Hooli:Vacation                    VACHR
2021-01-01 open Expenses:Vacation                               VACHR
2021-01-01 open Expenses:Health:Life:GroupTermLife
2021-01-01 open Expenses:Health:Medical:Insurance
2021-01-01 open Expenses:Health:Dental:Insurance
2021-01-01 open Expenses:Health:Vision:Insurance

2021-01-01 event "employer" "Hooli, 1 Carloston Rd, Mountain Beer, CA"

2021-01-07 * "Hooli" "Payroll"
  Assets:US:BofA:Checking                         1350.60 USD
  Assets:US:Vanguard:Cash                         1200.00 USD
  Income:US:Hooli:Salary                         -4615.38 USD
  Income:US:Hooli:GroupTermLife                    -24.32 USD
  Expenses:Health:Life:GroupTermLife                24.32 USD
  Expenses:Health:Dental:Insurance                   2.90 USD
  Expenses:Health:Medical:Insurance                 27.38 USD
  Expenses:Health:Vision:Insurance                  42.30 USD
  Expenses:Taxes:Y2021:US:Medicare                 106.62 USD
  Expenses:Taxes:Y2021:US:Federal                 1062.92 USD
  Expenses:Taxes:Y2021:US:State                    365.08 USD
  Expenses:Taxes:Y2021:US:CityNYC                  174.92 USD
  Expenses:Taxes:Y2021:US:SDI                        1.12 USD
  Expenses:Taxes:Y2021:US:SocSec                   281.54 USD
  Assets:US:Federal:PreTax401k                   -1200.00 IRAUSD
  Expenses:Taxes:Y2021:US:Federal:PreTax401k      1200.00 IRAUSD
  Assets:US:Hooli:Vacation                              5 VACHR
  Income:US:Hooli:Vacation                             -5 VACHR

2021-01-21 * "Hooli" "Payroll"
  Assets:US:BofA:Checking                         1350.60 USD
  Assets:US:Vanguard:Cash                         1200.00 USD
  Income:US:Hooli:Salary                         -4615.38 USD
  Income:US:Hooli:GroupTermLife                    -24.32 USD
  Expenses:Health:Life:GroupTermLife                24.32 USD
  Expenses:Health:Dental:Insurance                   2.90 USD
  Expenses:Health:Medical:Insurance                 27.38 USD
  Expenses:Health:Vision:Insurance                  42.30 USD
  Expenses:Taxes:Y2021:US:Medicare                 106.62 USD
  Expenses:Taxes:Y2021:US:Federal                 1062.92 USD
  Expenses:Taxes:Y2021:US:State                    365.08 USD
  Expenses:Taxes:Y2021:US:CityNYC                  174.92 USD
  Expenses:Taxes:Y2021:US:SDI                        1.12 USD
  Expenses:Taxes:Y2021:US:SocSec                   281.54 USD
  Assets:US:Federal:PreTax401k                   -1200.00 IRAUSD
  Expenses:Taxes:Y2021:US:Federal:PreTax401k      1200.00 IRAUSD
  Assets:US:Hooli:Vacation                              5 VACHR
  Income:US:Hooli:Vacation                             -5 VACHR

2021-02-04 * "Hooli" "Payroll"
  Assets:US:BofA:Checking                         1350.60 USD
  Assets:US:Vanguard:Cash                         1200.00 USD
  Income:US:Hooli:Salary                         -4615.38 USD
  Income:US:Hooli:GroupTermLife                    -24.32 USD
  Expenses:Health:Life:GroupTermLife                24.32 USD
  Expenses:Health:Dental:Insurance                   2.90 USD
  Expenses:Health:Medical:Insurance                 27.38 USD
  Expenses:Health:Vision:Insurance                  42.30 USD
  Expenses:Taxes:Y2021:US:Medicare                 106.62 USD
  Expenses:Taxes:Y2021:US:Federal                 1062.92 USD
  Expenses:Taxes:Y2021:US:State                    365.08 USD
  Expenses:Taxes:Y2021:US:CityNYC                  174.92 USD
  Expenses:Taxes:Y2021:US:SDI                        1.12 USD
  Expenses:Taxes:Y2021:US:SocSec                   281.54 USD
  Assets:US:Federal:PreTax401k                   -1200.00 IRAUSD
  Expenses:Taxes:Y2021:US:Federal:PreTax401k      1200.00 IRAUSD
  Assets:US:Hooli:Vacation                              5 VACHR
  Income:US:Hooli:Vacation                             -5 VACHR

2021-02-18 * "Hooli" "Payroll"
  Assets:US:BofA:Checking                         1350.60 USD
  Assets:US:Vanguard:Cash                         1200.00 USD
  Income:US:Hooli:Salary                         -4615.38 USD
  Income:US:Hooli:GroupTermLife                    -24.32 USD
  Expenses:Health:Life:GroupTermLife                24.32 USD
  Expenses:Health:Dental:Insurance                   2.90 USD
  Expenses:Health:Medical:Insurance                 27.38 USD
  Expenses:Health:Vision:Insurance                  42.30 USD
  Expenses:Taxes:Y2021:US:Medicare                 106.62 USD
  Expenses:Taxes:Y2021:US:Federal                 1062.92 USD
  Expenses:Taxes:Y2021:US:State                    365.08 USD
  Expenses:Taxes:Y2021:US:CityNYC                  174.92 USD
  Expenses:Taxes:Y2021:US:SDI                        1.12 USD
  Expenses:Taxes:Y2021:US:SocSec                   281.54 USD
  Assets:US:Federal:PreTax401k                   -1200.00 IRAUSD
  Expenses:Taxes:Y2021:US:Federal:PreTax401k      1200.00 IRAUSD
  Assets:US:Hooli:Vacation                              5 VACHR
  Income:US:Hooli:Vacation                             -5 VACHR

2021-03-04 * "Hooli" "Payroll"
  Assets:US:BofA:Checking                         1350.60 USD
  Assets:US:Vanguard:Cash                         1200.00 USD
  Income:US:Hooli:Salary                         -4615.38 USD
  Income:US:Hooli:GroupTermLife                    -24.32 USD
  Expenses:Health:Life:GroupTermLife                24.32 USD
  Expenses:Health:Dental:Insurance                   2.90 USD
  Expenses:Health:Medical:Insurance                 27.38 USD
  Expenses:Health:Vision:Insurance                  42.30 USD
  Expenses:Taxes:Y2021:US:Medicare                 106.62 USD
  Expenses:Taxes:Y2021:US:Federal                 1062.92 USD
  Expenses:Taxes:Y2021:US:State                    365.08 USD
  Expenses:Taxes:Y2021:US:CityNYC                  174.92 USD
  Expenses:Taxes:Y2021:US:SDI                        1.12 USD
  Expenses:Taxes:Y2021:US:SocSec                   281.54 USD
  Assets:US:Federal:PreTax401k                   -1200.00 IRAUSD
  Expenses:Taxes:Y2021:US:Federal:PreTax401k      1200.00 IRAUSD
  Assets:US:Hooli:Vacation                              5 VACHR
  Income:US:Hooli:Vacation                             -5 VACHR

2021-03-18 * "Hooli" "Payroll"
  Assets:US:BofA:Checking                         1350.60 USD
  Assets:US:Vanguard:Cash                         1200.00 USD
  Income:US:Hooli:Salary                         -4615.38 USD
  Income:US:Hooli:GroupTermLife                    -24.32 USD
  Expenses:Health:Life:GroupTermLife                24.32 USD
  Expenses:Health:Dental:Insurance                   2.90 USD
  Expenses:Health:Medical:Insurance                 27.38 USD
  Expenses:Health:Vision:Insurance                  42.30 USD
  Expenses:Taxes:Y2021:US:Medicare                 106.62 USD
  Expenses:Taxes:Y2021:US:Federal                 1062.92 USD
  Expenses:Taxes:Y2021:US:State                    365.08 USD
  Expenses:Taxes:Y2021:US:CityNYC                  174.92 USD
  Expenses:Taxes:Y2021:US:SDI                        1.12 USD
  Expenses:Taxes:Y2021:US:SocSec                   281.54 USD
  Assets:US:Federal:PreTax401k                   -1200.00 IRAUSD
  Expenses:Taxes:Y2021:US:Federal:PreTax401k      1200.00 IRAUSD
  Assets:US:Hooli:Vacation                              5 VACHR
  Income:US:Hooli:Vacation                             -5 VACHR

2021-04-01 * "Hooli" "Payroll"
  Assets:US:BofA:Checking                         1350.60 USD
  Assets:US:Vanguard:Cash                         1200.00 USD
  Income:US:Hooli:Salary                         -4615.38 USD
  Income:US:Hooli:GroupTermLife                    -24.32 USD
  Expenses:Health:Life:GroupTermLife                24.32 USD
  Expenses:Health:Dental:Insurance                   2.90 USD
  Expenses:Health:Medical:Insurance                 27.38 USD
  Expenses:Health:Vision:Insurance                  42.30 USD
  Expenses:Taxes:Y2021:US:Medicare                 106.62 USD
  Expenses:Taxes:Y2021:US:Federal                 1062.92 USD
  Expenses:Taxes:Y2021:US:State                    365.08 USD
  Expenses:Taxes:Y2021:US:CityNYC                  174.92 USD
  Expenses:Taxes:Y2021:US:SDI                        1.12 USD
  Expenses:Taxes:Y2021:US:SocSec                   281.54 USD
  Assets:US:Federal:PreTax401k                   -1200.00 IRAUSD
  Expenses:Taxes:Y2021:US:Federal:PreTax401k      1200.00 IRAUSD
  Assets:US:Hooli:Vacation                              5 VACHR
  Income:US:Hooli:Vacation                             -5 VACHR

2021-04-15 * "Hooli" "Payroll"
  Assets:US:BofA:Checking                         1350.60 USD
  Assets:US:Vanguard:Cash                         1200.00 USD
  Income:US:Hooli:Salary                         -4615.38 USD
  Income:US:Hooli:GroupTermLife                    -24.32 USD
  Expenses:Health:Life:GroupTermLife                24.32 USD
  Expenses:Health:Dental:Insurance                   2.90 USD
  Expenses:Health:Medical:Insurance                 27.38 USD
  Expenses:Health:Vision:Insurance                  42.30 USD
  Expenses:Taxes:Y2021:US:Medicare                 106.62 USD
  Expenses:Taxes:Y2021:US:Federal                 1062.92 USD
  Expenses:Taxes:Y2021:US:State                    365.08 USD
  Expenses:Taxes:Y2021:US:CityNYC                  174.92 USD
  Expenses:Taxes:Y2021:US:SDI                        1.12 USD
  Expenses:Taxes:Y2021:US:SocSec                   281.54 USD
  Assets:US:Federal:PreTax401k                   -1200.00 IRAUSD
  Expenses:Taxes:Y2021:US:Federal:PreTax401k      1200.00 IRAUSD
  Assets:US:Hooli:Vacation                              5 VACHR
  Income:US:Hooli:Vacation                             -5 VACHR

2021-04-29 * "Hooli" "Payroll"
  Assets:US:BofA:Checking                         1350.60 USD
  Assets:US:Vanguard:Cash                         1200.00 USD
  Income:US:Hooli:Salary                         -4615.38 USD
  Income:US:Hooli:GroupTermLife                    -24.32 USD
  Expenses:Health:Life:GroupTermLife                24.32 USD
  Expenses:Health:Dental:Insurance                   2.90 USD
  Expenses:Health:Medical:Insurance                 27.38 USD
  Expenses:Health:Vision:Insurance                  42.30 USD
  Expenses:Taxes:Y2021:US:Medicare                 106.62 USD
  Expenses:Taxes:Y2021:US:Federal                 1062.92 USD
  Expenses:Taxes:Y2021:US:State                    365.08 USD
  Expenses:Taxes:Y2021:US:CityNYC                  174.92 USD
  Expenses:Taxes:Y2021:US:SDI                        1.12 USD
  Expenses:Taxes:Y2021:US:SocSec                   281.54 USD
  Assets:US:Federal:PreTax401k                   -1200.00 IRAUSD
  Expenses:Taxes:Y2021:US:Federal:PreTax401k      1200.00 IRAUSD
  Assets:US:Hooli:Vacation                              5 VACHR
  Income:US:Hooli:Vacation                             -5 VACHR

2021-05-13 * "Hooli" "Payroll"
  Assets:US:BofA:Checking                         1350.60 USD
  Assets:US:Vanguard:Cash                         1200.00 USD
  Income:US:Hooli:Salary                         -4615.38 USD
  Income:US:Hooli:GroupTermLife                    -24.32 USD
  Expenses:Health:Life:GroupTermLife                24.32 USD
  Expenses:Health:Dental:Insurance                   2.90 USD
  Expenses:Health:Medical:Insurance                 27.38 USD
  Expenses:Health:Vision:Insurance                  42.30 USD
  Expenses:Taxes:Y2021:US:Medicare                 106.62 USD
  Expenses:Taxes:Y2021:US:Federal                 1062.92 USD
  Expenses:Taxes:Y2021:US:State                    365.08 USD
  Expenses:Taxes:Y2021:US:CityNYC                  174.92 USD
  Expenses:Taxes:Y2021:US:SDI                        1.12 USD
  Expenses:Taxes:Y2021:US:SocSec                   281.54 USD
  Assets:US:Federal:PreTax401k                   -1200.00 IRAUSD
  Expenses:Taxes:Y2021:US:Federal:PreTax401k      1200.00 IRAUSD
  Assets:US:Hooli:Vacation                              5 VACHR
  Income:US:Hooli:Vacation                             -5 VACHR

2021-05-27 * "Hooli" "Payroll"
  Assets:US:BofA:Checking                         1350.60 USD
  Assets:US:Vanguard:Cash                         1200.00 USD
  Income:US:Hooli:Salary                         -4615.38 USD
  Income:US:Hooli:GroupTermLife                    -24.32 USD
  Expenses:Health:Life:GroupTermLife                24.32 USD
  Expenses:Health:Dental:Insurance                   2.90 USD
  Expenses:Health:Medical:Insurance                 27.38 USD
  Expenses:Health:Vision:Insurance                  42.30 USD
  Expenses:Taxes:Y2021:US:Medicare                 106.62 USD
  Expenses:Taxes:Y2021:US:Federal                 1062.92 USD
  Expenses:Taxes:Y2021:US:State                    365.08 USD
  Expenses:Taxes:Y2021:US:CityNYC                  174.92 USD
  Expenses:Taxes:Y2021:US:SDI                        1.12 USD
  Expenses:Taxes:Y2021:US:SocSec                   281.54 USD
  Assets:US:Federal:PreTax401k                   -1200.00 IRAUSD
  Expenses:Taxes:Y2021:US:Federal:PreTax401k      1200.00 IRAUSD
  Assets:US:Hooli:Vacation                              5 VACHR
  Income:US:Hooli:Vacation                             -5 VACHR

2021-06-10 * "Hooli" "Payroll"
  Assets:US:BofA:Checking                         1350.60 USD
  Assets:US:Vanguard:Cash                         1200.00 USD
  Income:US:Hooli:Salary                         -4615.38 USD
  Income:US:Hooli:GroupTermLife                    -24.32 USD
  Expenses:Health:Life:GroupTermLife                24.32 USD
  Expenses:Health:Dental:Insurance                   2.90 USD
  Expenses:Health:Medical:Insurance                 27.38 USD
  Expenses:Health:Vision:Insurance                  42.30 USD
  Expenses:Taxes:Y2021:US:Medicare                 106.62 USD
  Expenses:Taxes:Y2021:US:Federal                 1062.92 USD
  Expenses:Taxes:Y2021:US:State                    365.08 USD
  Expenses:Taxes:Y2021:US:CityNYC                  174.92 USD
  Expenses:Taxes:Y2021:US:SDI                        1.12 USD
  Expenses:Taxes:Y2021:US:SocSec                   281.54 USD
  Assets:US:Federal:PreTax401k                   -1200.00 IRAUSD
  Expenses:Taxes:Y2021:US:Federal:PreTax401k      1200.00 IRAUSD
  Assets:US:Hooli:Vacation                              5 VACHR
  Income:US:Hooli:Vacation                             -5 VACHR

2021-06-24 * "Hooli" "Payroll"
  Assets:US:BofA:Checking                         1350.60 USD
  Assets:US:Vanguard:Cash                         1200.00 USD
  Income:US:Hooli:Salary                         -4615.38 USD
  Income:US:Hooli:GroupTermLife                    -24.32 USD
  Expenses:Health:Life:GroupTermLife                24.32 USD
  Expenses:Health:Dental:Insurance                   2.90 USD
  Expenses:Health:Medical:Insurance                 27.38 USD
  Expenses:Health:Vision:Insurance                  42.30 USD
  Expenses:Taxes:Y2021:US:Medicare                 106.62 USD
  Expenses:Taxes:Y2021:US:Federal                 1062.92 USD
  Expenses:Taxes:Y2021:US:State                    365.08 USD
  Expenses:Taxes:Y2021:US:CityNYC                  174.92 USD
  Expenses:Taxes:Y2021:US:SDI                        1.12 USD
  Expenses:Taxes:Y2021:US:SocSec                   281.54 USD
  Assets:US:Federal:PreTax401k                   -1200.00 IRAUSD
  Expenses:Taxes:Y2021:US:Federal:PreTax401k      1200.00 IRAUSD
  Assets:US:Hooli:Vacation                              5 VACHR
  Income:US:Hooli:Vacation                             -5 VACHR

2021-07-08 * "Hooli" "Payroll"
  Assets:US:BofA:Checking                         1350.60 USD
  Assets:US:Vanguard:Cash                         1200.00 USD
  Income:US:Hooli:Salary                         -4615.38 USD
  Income:US:Hooli:GroupTermLife                    -24.32 USD
  Expenses:Health:Life:GroupTermLife                24.32 USD
  Expenses:Health:Dental:Insurance                   2.90 USD
  Expenses:Health:Medical:Insurance                 27.38 USD
  Expenses:Health:Vision:Insurance                  42.30 USD
  Expenses:Taxes:Y2021:US:Medicare                 106.62 USD
  Expenses:Taxes:Y2021:US:Federal                 1062.92 USD
  Expenses:Taxes:Y2021:US:State                    365.08 USD
  Expenses:Taxes:Y2021:US:CityNYC                  174.92 USD
  Expenses:Taxes:Y2021:US:SDI                        1.12 USD
  Expenses:Taxes:Y2021:US:SocSec                   281.54 USD
  Assets:US:Federal:PreTax401k                   -1200.00 IRAUSD
  Expenses:Taxes:Y2021:US:Federal:PreTax401k      1200.00 IRAUSD
  Assets:US:Hooli:Vacation                              5 VACHR
  Income:US:Hooli:Vacation                             -5 VACHR

2021-07-22 * "Hooli" "Payroll"
  Assets:US:BofA:Checking                         1350.60 USD
  Assets:US:Vanguard:Cash                         1200.00 USD
  Income:US:Hooli:Salary                         -4615.38 USD
  Income:US:Hooli:GroupTermLife                    -24.32 USD
  Expenses:Health:Life:GroupTermLife                24.32 USD
  Expenses:Health:Dental:Insurance                   2.90 USD
  Expenses:Health:Medical:Insurance                 27.38 USD
  Expenses:Health:Vision:Insurance                  42.30 USD
  Expenses:Taxes:Y2021:US:Medicare                 106.62 USD
  Expenses:Taxes:Y2021:US:Federal                 1062.92 USD
  Expenses:Taxes:Y2021:US:State                    365.08 USD
  Expenses:Taxes:Y2021:US:CityNYC                  174.92 USD
  Expenses:Taxes:Y2021:US:SDI                        1.12 USD
  Expenses:Taxes:Y2021:US:SocSec                   281.54 USD
  Assets:US:Federal:PreTax401k                   -1200.00 IRAUSD
  Expenses:Taxes:Y2021:US:Federal:PreTax401k      1200.00 IRAUSD
  Assets:US:Hooli:Vacation                              5 VACHR
  Income:US:Hooli:Vacation                             -5 VACHR

2021-08-05 * "Hooli" "Payroll"
  Assets:US:BofA:Checking                         2050.60 USD
  Assets:US:Vanguard:Cash                          500.00 USD
  Income:US:Hooli:Salary                         -4615.38 USD
  Income:US:Hooli:GroupTermLife                    -24.32 USD
  Expenses:Health:Life:GroupTermLife                24.32 USD
  Expenses:Health:Dental:Insurance                   2.90 USD
  Expenses:Health:Medical:Insurance                 27.38 USD
  Expenses:Health:Vision:Insurance                  42.30 USD
  Expenses:Taxes:Y2021:US:Medicare                 106.62 USD
  Expenses:Taxes:Y2021:US:Federal                 1062.92 USD
  Expenses:Taxes:Y2021:US:State                    365.08 USD
  Expenses:Taxes:Y2021:US:CityNYC                  174.92 USD
  Expenses:Taxes:Y2021:US:SDI                        1.12 USD
  Expenses:Taxes:Y2021:US:SocSec                   281.54 USD
  Assets:US:Federal:PreTax401k                    -500.00 IRAUSD
  Expenses:Taxes:Y2021:US:Federal:PreTax401k       500.00 IRAUSD
  Assets:US:Hooli:Vacation                              5 VACHR
  Income:US:Hooli:Vacation                             -5 VACHR

2021-08-19 * "Hooli" "Payroll"
  Assets:US:BofA:Checking                         2550.60 USD
  Income:US:Hooli:Salary                         -4615.38 USD
  Income:US:Hooli:GroupTermLife                    -24.32 USD
  Expenses:Health:Life:GroupTermLife                24.32 USD
  Expenses:Health:Dental:Insurance                   2.90 USD
  Expenses:Health:Medical:Insurance                 27.38 USD
  Expenses:Health:Vision:Insurance                  42.30 USD
  Expenses:Taxes:Y2021:US:Medicare                 106.62 USD
  Expenses:Taxes:Y2021:US:Federal                 1062.92 USD
  Expenses:Taxes:Y2021:US:State                    365.08 USD
  Expenses:Taxes:Y2021:US:CityNYC                  174.92 USD
  Expenses:Taxes:Y2021:US:SDI                        1.12 USD
  Expenses:Taxes:Y2021:US:SocSec                   281.54 USD
  Assets:US:Federal:PreTax401k                       0.00 IRAUSD
  Assets:US:Hooli:Vacation                              5 VACHR
  Income:US:Hooli:Vacation                             -5 VACHR

2021-09-02 * "Hooli" "Payroll"
  Assets:US:BofA:Checking                         2550.60 USD
  Income:US:Hooli:Salary                         -4615.38 USD
  Income:US:Hooli:GroupTermLife                    -24.32 USD
  Expenses:Health:Life:GroupTermLife                24.32 USD
  Expenses:Health:Dental:Insurance                   2.90 USD
  Expenses:Health:Medical:Insurance                 27.38 USD
  Expenses:Health:Vision:Insurance                  42.30 USD
  Expenses:Taxes:Y2021:US:Medicare                 106.62 USD
  Expenses:Taxes:Y2021:US:Federal                 1062.92 USD
  Expenses:Taxes:Y2021:US:State                    365.08 USD
  Expenses:Taxes:Y2021:US:CityNYC                  174.92 USD
  Expenses:Taxes:Y2021:US:SDI                        1.12 USD
  Expenses:Taxes:Y2021:US:SocSec                   281.54 USD
  Assets:US:Federal:PreTax401k                       0.00 IRAUSD
  Assets:US:Hooli:Vacation                              5 VACHR
  Income:US:Hooli:Vacation                             -5 VACHR

2021-09-16 * "Hooli" "Payroll"
  Assets:US:BofA:Checking                         2550.60 USD
  Income:US:Hooli:Salary                         -4615.38 USD
  Income:US:Hooli:GroupTermLife                    -24.32 USD
  Expenses:Health:Life:GroupTermLife                24.32 USD
  Expenses:Health:Dental:Insurance                   2.90 USD
  Expenses:Health:Medical:Insurance                 27.38 USD
  Expenses:Health:Vision:Insurance                  42.30 USD
  Expenses:Taxes:Y2021:US:Medicare                 106.62 USD
  Expenses:Taxes:Y2021:US:Federal                 1062.92 USD
  Expenses:Taxes:Y2021:US:State                    365.08 USD
  Expenses:Taxes:Y2021:US:CityNYC                  174.92 USD
  Expenses:Taxes:Y2021:US:SDI                        1.12 USD
  Expenses:Taxes:Y2021:US:SocSec                   281.54 USD
  Assets:US:Federal:PreTax401k                       0.00 IRAUSD
  Assets:US:Hooli:Vacation                              5 VACHR
  Income:US:Hooli:Vacation                             -5 VACHR

2021-09-30 * "Hooli" "Payroll"
  Assets:US:BofA:Checking                         2550.60 USD
  Income:US:Hooli:Salary                         -4615.38 USD
  Income:US:Hooli:GroupTermLife                    -24.32 USD
  Expenses:Health:Life:GroupTermLife                24.32 USD
  Expenses:Health:Dental:Insurance                   2.90 USD
  Expenses:Health:Medical:Insurance                 27.38 USD
  Expenses:Health:Vision:Insurance                  42.30 USD
  Expenses:Taxes:Y2021:US:Medicare                 106.62 USD
  Expenses:Taxes:Y2021:US:Federal                 1062.92 USD
  Expenses:Taxes:Y2021:US:State                    365.08 USD
  Expenses:Taxes:Y2021:US:CityNYC                  174.92 USD
  Expenses:Taxes:Y2021:US:SDI                        1.12 USD
  Expenses:Taxes:Y2021:US:SocSec                   281.54 USD
  Assets:US:Federal:PreTax401k                       0.00 IRAUSD
  Assets:US:Hooli:Vacation                              5 VACHR
  Income:US:Hooli:Vacation                             -5 VACHR

2021-10-14 * "Hooli" "Payroll"
  Assets:US:BofA:Checking                         2550.60 USD
  Income:US:Hooli:Salary                         -4615.38 USD
  Income:US:Hooli:GroupTermLife                    -24.32 USD
  Expenses:Health:Life:GroupTermLife                24.32 USD
  Expenses:Health:Dental:Insurance                   2.90 USD
  Expenses:Health:Medical:Insurance                 27.38 USD
  Expenses:Health:Vision:Insurance                  42.30 USD
  Expenses:Taxes:Y2021:US:Medicare                 106.62 USD
  Expenses:Taxes:Y2021:US:Federal                 1062.92 USD
  Expenses:Taxes:Y2021:US:State                    365.08 USD
  Expenses:Taxes:Y2021:US:CityNYC                  174.92 USD
  Expenses:Taxes:Y2021:US:SDI                        1.12 USD
  Expenses:Taxes:Y2021:US:SocSec                   281.54 USD
  Assets:US:Federal:PreTax401k                       0.00 IRAUSD
  Assets:US:Hooli:Vacation                              5 VACHR
  Income:US:Hooli:Vacation                             -5 VACHR

2021-10-28 * "Hooli" "Payroll"
  Assets:US:BofA:Checking                         2550.60 USD
  Income:US:Hooli:Salary                         -4615.38 USD
  Income:US:Hooli:GroupTermLife                    -24.32 USD
  Expenses:Health:Life:GroupTermLife                24.32 USD
  Expenses:Health:Dental:Insurance                   2.90 USD
  Expenses:Health:Medical:Insurance                 27.38 USD
  Expenses:Health:Vision:Insurance                  42.30 USD
  Expenses:Taxes:Y2021:US:Medicare                 106.62 USD
  Expenses:Taxes:Y2021:US:Federal                 1062.92 USD
  Expenses:Taxes:Y2021:US:State                    365.08 USD
  Expenses:Taxes:Y2021:US:CityNYC                  174.92 USD
  Expenses:Taxes:Y2021:US:SDI                        1.12 USD
  Expenses:Taxes:Y2021:US:SocSec                   281.54 USD
  Assets:US:Federal:PreTax401k                       0.00 IRAUSD
  Assets:US:Hooli:Vacation                              5 VACHR
  Income:US:Hooli:Vacation                             -5 VACHR

2021-11-11 * "Hooli" "Payroll"
  Assets:US:BofA:Checking                         2550.60 USD
  Income:US:Hooli:Salary                         -4615.38 USD
  Income:US:Hooli:GroupTermLife                    -24.32 USD
  Expenses:Health:Life:GroupTermLife                24.32 USD
  Expenses:Health:Dental:Insurance                   2.90 USD
  Expenses:Health:Medical:Insurance                 27.38 USD
  Expenses:Health:Vision:Insurance                  42.30 USD
  Expenses:Taxes:Y2021:US:Medicare                 106.62 USD
  Expenses:Taxes:Y2021:US:Federal                 1062.92 USD
  Expenses:Taxes:Y2021:US:State                    365.08 USD
  Expenses:Taxes:Y2021:US:CityNYC                  174.92 USD
  Expenses:Taxes:Y2021:US:SDI                        1.12 USD
  Expenses:Taxes:Y2021:US:SocSec                   281.54 USD
  Assets:US:Federal:PreTax401k                       0.00 IRAUSD
  Assets:US:Hooli:Vacation                              5 VACHR
  Income:US:Hooli:Vacation                             -5 VACHR

2021-11-25 * "Hooli" "Payroll"
  Assets:US:BofA:Checking                         2550.60 USD
  Income:US:Hooli:Salary                         -4615.38 USD
  Income:US:Hooli:GroupTermLife                    -24.32 USD
  Expenses:Health:Life:GroupTermLife                24.32 USD
  Expenses:Health:Dental:Insurance                   2.90 USD
  Expenses:Health:Medical:Insurance                 27.38 USD
  Expenses:Health:Vision:Insurance                  42.30 USD
  Expenses:Taxes:Y2021:US:Medicare                 106.62 USD
  Expenses:Taxes:Y2021:US:Federal                 1062.92 USD
  Expenses:Taxes:Y2021:US:State                    365.08 USD
  Expenses:Taxes:Y2021:US:CityNYC                  174.92 USD
  Expenses:Taxes:Y2021:US:SDI                        1.12 USD
  Expenses:Taxes:Y2021:US:SocSec                   281.54 USD
  Assets:US:Federal:PreTax401k                       0.00 IRAUSD
  Assets:US:Hooli:Vacation                              5 VACHR
  Income:US:Hooli:Vacation                             -5 VACHR

2021-12-09 * "Hooli" "Payroll"
  Assets:US:BofA:Checking                         2589.06 USD
  Income:US:Hooli:Salary                         -4615.38 USD
  Income:US:Hooli:GroupTermLife                    -24.32 USD
  Expenses:Health:Life:GroupTermLife                24.32 USD
  Expenses:Health:Dental:Insurance                   2.90 USD
  Expenses:Health:Medical:Insurance                 27.38 USD
  Expenses:Health:Vision:Insurance                  42.30 USD
  Expenses:Taxes:Y2021:US:Medicare                 106.62 USD
  Expenses:Taxes:Y2021:US:Federal                 1062.92 USD
  Expenses:Taxes:Y2021:US:State                    365.08 USD
  Expenses:Taxes:Y2021:US:CityNYC                  174.92 USD
  Expenses:Taxes:Y2021:US:SDI                        1.12 USD
  Expenses:Taxes:Y2021:US:SocSec                   243.08 USD
  Assets:US:Federal:PreTax401k                       0.00 IRAUSD
  Assets:US:Hooli:Vacation                              5 VACHR
  Income:US:Hooli:Vacation                             -5 VACHR

2021-12-23 * "Hooli" "Payroll"
  Assets:US:BofA:Checking                         2832.14 USD
  Income:US:Hooli:Salary                         -4615.38 USD
  Income:US:Hooli:GroupTermLife                    -24.32 USD
  Expenses:Health:Life:GroupTermLife                24.32 USD
  Expenses:Health:Dental:Insurance                   2.90 USD
  Expenses:Health:Medical:Insurance                 27.38 USD
  Expenses:Health:Vision:Insurance                  42.30 USD
  Expenses:Taxes:Y2021:US:Medicare                 106.62 USD
  Expenses:Taxes:Y2021:US:Federal                 1062.92 USD
  Expenses:Taxes:Y2021:US:State                    365.08 USD
  Expenses:Taxes:Y2021:US:CityNYC                  174.92 USD
  Expenses:Taxes:Y2021:US:SDI                        1.12 USD
  Expenses:Taxes:Y2021:US:SocSec                     0.00 USD
  Assets:US:Federal:PreTax401k                       0.00 IRAUSD
  Assets:US:Hooli:Vacation                              5 VACHR
  Income:US:Hooli:Vacation                             -5 VACHR

2022-01-06 * "Hooli" "Payroll"
  Assets:US:BofA:Checking                         1350.60 USD
  Assets:US:Vanguard:Cash                         1200.00 USD
  Income:US:Hooli:Salary                         -4615.38 USD
  Income:US:Hooli:GroupTermLife                    -24.32 USD
  Expenses:Health:Life:GroupTermLife                24.32 USD
  Expenses:Health:Dental:Insurance                   2.90 USD
  Expenses:Health:Medical:Insurance                 27.38 USD
  Expenses:Health:Vision:Insurance                  42.30 USD
  Expenses:Taxes:Y2022:US:Medicare                 106.62 USD
  Expenses:Taxes:Y2022:US:Federal                 1062.92 USD
  Expenses:Taxes:Y2022:US:State                    365.08 USD
  Expenses:Taxes:Y2022:US:CityNYC                  174.92 USD
  Expenses:Taxes:Y2022:US:SDI                        1.12 USD
  Expenses:Taxes:Y2022:US:SocSec                   281.54 USD
  Assets:US:Federal:PreTax401k                   -1200.00 IRAUSD
  Expenses:Taxes:Y2022:US:Federal:PreTax401k      1200.00 IRAUSD
  Assets:US:Hooli:Vacation                              5 VACHR
  Income:US:Hooli:Vacation                             -5 VACHR

2022-01-20 * "Hooli" "Payroll"
  Assets:US:BofA:Checking                         1350.60 USD
  Assets:US:Vanguard:Cash                         1200.00 USD
  Income:US:Hooli:Salary                         -4615.38 USD
  Income:US:Hooli:GroupTermLife                    -24.32 USD
  Expenses:Health:Life:GroupTermLife                24.32 USD
  Expenses:Health:Dental:Insurance                   2.90 USD
  Expenses:Health:Medical:Insurance                 27.38 USD
  Expenses:Health:Vision:Insurance                  42.30 USD
  Expenses:Taxes:Y2022:US:Medicare                 106.62 USD
  Expenses:Taxes:Y2022:US:Federal                 1062.92 USD
  Expenses:Taxes:Y2022:US:State                    365.08 USD
  Expenses:Taxes:Y2022:US:CityNYC                  174.92 USD
  Expenses:Taxes:Y2022:US:SDI                        1.12 USD
  Expenses:Taxes:Y2022:US:SocSec                   281.54 USD
  Assets:US:Federal:PreTax401k                   -1200.00 IRAUSD
  Expenses:Taxes:Y2022:US:Federal:PreTax401k      1200.00 IRAUSD
  Assets:US:Hooli:Vacation                              5 VACHR
  Income:US:Hooli:Vacation                             -5 VACHR

2022-02-03 * "Hooli" "Payroll"
  Assets:US:BofA:Checking                         1350.60 USD
  Assets:US:Vanguard:Cash                         1200.00 USD
  Income:US:Hooli:Salary                         -4615.38 USD
  Income:US:Hooli:GroupTermLife                    -24.32 USD
  Expenses:Health:Life:GroupTermLife                24.32 USD
  Expenses:Health:Dental:Insurance                   2.90 USD
  Expenses:Health:Medical:Insurance                 27.38 USD
  Expenses:Health:Vision:Insurance                  42.30 USD
  Expenses:Taxes:Y2022:US:Medicare                 106.62 USD
  Expenses:Taxes:Y2022:US:Federal                 1062.92 USD
  Expenses:Taxes:Y2022:US:State                    365.08 USD
  Expenses:Taxes:Y2022:US:CityNYC                  174.92 USD
  Expenses:Taxes:Y2022:US:SDI                        1.12 USD
  Expenses:Taxes:Y2022:US:SocSec                   281.54 USD
  Assets:US:Federal:PreTax401k                   -1200.00 IRAUSD
  Expenses:Taxes:Y2022:US:Federal:PreTax401k      1200.00 IRAUSD
  Assets:US:Hooli:Vacation                              5 VACHR
  Income:US:Hooli:Vacation                             -5 VACHR

2022-02-17 * "Hooli" "Payroll"
  Assets:US:BofA:Checking                         1350.60 USD
  Assets:US:Vanguard:Cash                         1200.00 USD
  Income:US:Hooli:Salary                         -4615.38 USD
  Income:US:Hooli:GroupTermLife                    -24.32 USD
  Expenses:Health:Life:GroupTermLife                24.32 USD
  Expenses:Health:Dental:Insurance                   2.90 USD
  Expenses:Health:Medical:Insurance                 27.38 USD
  Expenses:Health:Vision:Insurance                  42.30 USD
  Expenses:Taxes:Y2022:US:Medicare                 106.62 USD
  Expenses:Taxes:Y2022:US:Federal                 1062.92 USD
  Expenses:Taxes:Y2022:US:State                    365.08 USD
  Expenses:Taxes:Y2022:US:CityNYC                  174.92 USD
  Expenses:Taxes:Y2022:US:SDI                        1.12 USD
  Expenses:Taxes:Y2022:US:SocSec                   281.54 USD
  Assets:US:Federal:PreTax401k                   -1200.00 IRAUSD
  Expenses:Taxes:Y2022:US:Federal:PreTax401k      1200.00 IRAUSD
  Assets:US:Hooli:Vacation                              5 VACHR
  Income:US:Hooli:Vacation                             -5 VACHR

2022-03-03 * "Hooli" "Payroll"
  Assets:US:BofA:Checking                         1350.60 USD
  Assets:US:Vanguard:Cash                         1200.00 USD
  Income:US:Hooli:Salary                         -4615.38 USD
  Income:US:Hooli:GroupTermLife                    -24.32 USD
  Expenses:Health:Life:GroupTermLife                24.32 USD
  Expenses:Health:Dental:Insurance                   2.90 USD
  Expenses:Health:Medical:Insurance                 27.38 USD
  Expenses:Health:Vision:Insurance                  42.30 USD
  Expenses:Taxes:Y2022:US:Medicare                 106.62 USD
  Expenses:Taxes:Y2022:US:Federal                 1062.92 USD
  Expenses:Taxes:Y2022:US:State                    365.08 USD
  Expenses:Taxes:Y2022:US:CityNYC                  174.92 USD
  Expenses:Taxes:Y2022:US:SDI                        1.12 USD
  Expenses:Taxes:Y2022:US:SocSec                   281.54 USD
  Assets:US:Federal:PreTax401k                   -1200.00 IRAUSD
  Expenses:Taxes:Y2022:US:Federal:PreTax401k      1200.00 IRAUSD
  Assets:US:Hooli:Vacation                              5 VACHR
  Income:US:Hooli:Vacation                             -5 VACHR

2022-03-17 * "Hooli" "Payroll"
  Assets:US:BofA:Checking                         1350.60 USD
  Assets:US:Vanguard:Cash                         1200.00 USD
  Income:US:Hooli:Salary                         -4615.38 USD
  Income:US:Hooli:GroupTermLife                    -24.32 USD
  Expenses:Health:Life:GroupTermLife                24.32 USD
  Expenses:Health:Dental:Insurance                   2.90 USD
  Expenses:Health:Medical:Insurance                 27.38 USD
  Expenses:Health:Vision:Insurance                  42.30 USD
  Expenses:Taxes:Y2022:US:Medicare                 106.62 USD
  Expenses:Taxes:Y2022:US:Federal                 1062.92 USD
  Expenses:Taxes:Y2022:US:State                    365.08 USD
  Expenses:Taxes:Y2022:US:CityNYC                  174.92 USD
  Expenses:Taxes:Y2022:US:SDI                        1.12 USD
  Expenses:Taxes:Y2022:US:SocSec                   281.54 USD
  Assets:US:Federal:PreTax401k                   -1200.00 IRAUSD
  Expenses:Taxes:Y2022:US:Federal:PreTax401k      1200.00 IRAUSD
  Assets:US:Hooli:Vacation                              5 VACHR
  Income:US:Hooli:Vacation                             -5 VACHR

2022-03-31 * "Hooli" "Payroll"
  Assets:US:BofA:Checking                         1350.60 USD
  Assets:US:Vanguard:Cash                         1200.00 USD
  Income:US:Hooli:Salary                         -4615.38 USD
  Income:US:Hooli:GroupTermLife                    -24.32 USD
  Expenses:Health:Life:GroupTermLife                24.32 USD
  Expenses:Health:Dental:Insurance                   2.90 USD
  Expenses:Health:Medical:Insurance                 27.38 USD
  Expenses:Health:Vision:Insurance                  42.30 USD
  Expenses:Taxes:Y2022:US:Medicare                 106.62 USD
  Expenses:Taxes:Y2022:US:Federal                 1062.92 USD
  Expenses:Taxes:Y2022:US:State                    365.08 USD
  Expenses:Taxes:Y2022:US:CityNYC                  174.92 USD
  Expenses:Taxes:Y2022:US:SDI                        1.12 USD
  Expenses:Taxes:Y2022:US:SocSec                   281.54 USD
  Assets:US:Federal:PreTax401k                   -1200.00 IRAUSD
  Expenses:Taxes:Y2022:US:Federal:PreTax401k      1200.00 IRAUSD
  Assets:US:Hooli:Vacation                              5 VACHR
  Income:US:Hooli:Vacation                             -5 VACHR

2022-04-14 * "Hooli" "Payroll"
  Assets:US:BofA:Checking                         1350.60 USD
  Assets:US:Vanguard:Cash                         1200.00 USD
  Income:US:Hooli:Salary                         -4615.38 USD
  Income:US:Hooli:GroupTermLife                    -24.32 USD
  Expenses:Health:Life:GroupTermLife                24.32 USD
  Expenses:Health:Dental:Insurance                   2.90 USD
  Expenses:Health:Medical:Insurance                 27.38 USD
  Expenses:Health:Vision:Insurance                  42.30 USD
  Expenses:Taxes:Y2022:US:Medicare                 106.62 USD
  Expenses:Taxes:Y2022:US:Federal                 1062.92 USD
  Expenses:Taxes:Y2022:US:State                    365.08 USD
  Expenses:Taxes:Y2022:US:CityNYC                  174.92 USD
  Expenses:Taxes:Y2022:US:SDI                        1.12 USD
  Expenses:Taxes:Y2022:US:SocSec                   281.54 USD
  Assets:US:Federal:PreTax401k                   -1200.00 IRAUSD
  Expenses:Taxes:Y2022:US:Federal:PreTax401k      1200.00 IRAUSD
  Assets:US:Hooli:Vacation                              5 VACHR
  Income:US:Hooli:Vacation                             -5 VACHR

2022-04-28 * "Hooli" "Payroll"
  Assets:US:BofA:Checking                         1350.60 USD
  Assets:US:Vanguard:Cash                         1200.00 USD
  Income:US:Hooli:Salary                         -4615.38 USD
  Income:US:Hooli:GroupTermLife                    -24.32 USD
  Expenses:Health:Life:GroupTermLife                24.32 USD
  Expenses:Health:Dental:Insurance                   2.90 USD
  Expenses:Health:Medical:Insurance                 27.38 USD
  Expenses:Health:Vision:Insurance                  42.30 USD
  Expenses:Taxes:Y2022:US:Medicare                 106.62 USD
  Expenses:Taxes:Y2022:US:Federal                 1062.92 USD
  Expenses:Taxes:Y2022:US:State                    365.08 USD
  Expenses:Taxes:Y2022:US:CityNYC                  174.92 USD
  Expenses:Taxes:Y2022:US:SDI                        1.12 USD
  Expenses:Taxes:Y2022:US:SocSec                   281.54 USD
  Assets:US:Federal:PreTax401k                   -1200.00 IRAUSD
  Expenses:Taxes:Y2022:US:Federal:PreTax401k      1200.00 IRAUSD
  Assets:US:Hooli:Vacation                              5 VACHR
  Income:US:Hooli:Vacation                             -5 VACHR

2022-05-12 * "Hooli" "Payroll"
  Assets:US:BofA:Checking                         1350.60 USD
  Assets:US:Vanguard:Cash                         1200.00 USD
  Income:US:Hooli:Salary                         -4615.38 USD
  Income:US:Hooli:GroupTermLife                    -24.32 USD
  Expenses:Health:Life:GroupTermLife                24.32 USD
  Expenses:Health:Dental:Insurance                   2.90 USD
  Expenses:Health:Medical:Insurance                 27.38 USD
  Expenses:Health:Vision:Insurance                  42.30 USD
  Expenses:Taxes:Y2022:US:Medicare                 106.62 USD
  Expenses:Taxes:Y2022:US:Federal                 1062.92 USD
  Expenses:Taxes:Y2022:US:State                    365.08 USD
  Expenses:Taxes:Y2022:US:CityNYC                  174.92 USD
  Expenses:Taxes:Y2022:US:SDI                        1.12 USD
  Expenses:Taxes:Y2022:US:SocSec                   281.54 USD
  Assets:US:Federal:PreTax401k                   -1200.00 IRAUSD
  Expenses:Taxes:Y2022:US:Federal:PreTax401k      1200.00 IRAUSD
  Assets:US:Hooli:Vacation                              5 VACHR
  Income:US:Hooli:Vacation                             -5 VACHR

2022-05-26 * "Hooli" "Payroll"
  Assets:US:BofA:Checking                         1350.60 USD
  Assets:US:Vanguard:Cash                         1200.00 USD
  Income:US:Hooli:Salary                         -4615.38 USD
  Income:US:Hooli:GroupTermLife                    -24.32 USD
  Expenses:Health:Life:GroupTermLife                24.32 USD
  Expenses:Health:Dental:Insurance                   2.90 USD
  Expenses:Health:Medical:Insurance                 27.38 USD
  Expenses:Health:Vision:Insurance                  42.30 USD
  Expenses:Taxes:Y2022:US:Medicare                 106.62 USD
  Expenses:Taxes:Y2022:US:Federal                 1062.92 USD
  Expenses:Taxes:Y2022:US:State                    365.08 USD
  Expenses:Taxes:Y2022:US:CityNYC                  174.92 USD
  Expenses:Taxes:Y2022:US:SDI                        1.12 USD
  Expenses:Taxes:Y2022:US:SocSec                   281.54 USD
  Assets:US:Federal:PreTax401k                   -1200.00 IRAUSD
  Expenses:Taxes:Y2022:US:Federal:PreTax401k      1200.00 IRAUSD
  Assets:US:Hooli:Vacation                              5 VACHR
  Income:US:Hooli:Vacation                             -5 VACHR

2022-06-09 * "Hooli" "Payroll"
  Assets:US:BofA:Checking                         1350.60 USD
  Assets:US:Vanguard:Cash                         1200.00 USD
  Income:US:Hooli:Salary                         -4615.38 USD
  Income:US:Hooli:GroupTermLife                    -24.32 USD
  Expenses:Health:Life:GroupTermLife                24.32 USD
  Expenses:Health:Dental:Insurance                   2.90 USD
  Expenses:Health:Medical:Insurance                 27.38 USD
  Expenses:Health:Vision:Insurance                  42.30 USD
  Expenses:Taxes:Y2022:US:Medicare                 106.62 USD
  Expenses:Taxes:Y2022:US:Federal                 1062.92 USD
  Expenses:Taxes:Y2022:US:State                    365.08 USD
  Expenses:Taxes:Y2022:US:CityNYC                  174.92 USD
  Expenses:Taxes:Y2022:US:SDI                        1.12 USD
  Expenses:Taxes:Y2022:US:SocSec                   281.54 USD
  Assets:US:Federal:PreTax401k                   -1200.00 IRAUSD
  Expenses:Taxes:Y2022:US:Federal:PreTax401k      1200.00 IRAUSD
  Assets:US:Hooli:Vacation                              5 VACHR
  Income:US:Hooli:Vacation                             -5 VACHR

2022-06-23 * "Hooli" "Payroll"
  Assets:US:BofA:Checking                         1350.60 USD
  Assets:US:Vanguard:Cash                         1200.00 USD
  Income:US:Hooli:Salary                         -4615.38 USD
  Income:US:Hooli:GroupTermLife                    -24.32 USD
  Expenses:Health:Life:GroupTermLife                24.32 USD
  Expenses:Health:Dental:Insurance                   2.90 USD
  Expenses:Health:Medical:Insurance                 27.38 USD
  Expenses:Health:Vision:Insurance                  42.30 USD
  Expenses:Taxes:Y2022:US:Medicare                 106.62 USD
  Expenses:Taxes:Y2022:US:Federal                 1062.92 USD
  Expenses:Taxes:Y2022:US:State                    365.08 USD
  Expenses:Taxes:Y2022:US:CityNYC                  174.92 USD
  Expenses:Taxes:Y2022:US:SDI                        1.12 USD
  Expenses:Taxes:Y2022:US:SocSec                   281.54 USD
  Assets:US:Federal:PreTax401k                   -1200.00 IRAUSD
  Expenses:Taxes:Y2022:US:Federal:PreTax401k      1200.00 IRAUSD
  Assets:US:Hooli:Vacation                              5 VACHR
  Income:US:Hooli:Vacation                             -5 VACHR

2022-07-07 * "Hooli" "Payroll"
  Assets:US:BofA:Checking                         1350.60 USD
  Assets:US:Vanguard:Cash                         1200.00 USD
  Income:US:Hooli:Salary                         -4615.38 USD
  Income:US:Hooli:GroupTermLife                    -24.32 USD
  Expenses:Health:Life:GroupTermLife                24.32 USD
  Expenses:Health:Dental:Insurance                   2.90 USD
  Expenses:Health:Medical:Insurance                 27.38 USD
  Expenses:Health:Vision:Insurance                  42.30 USD
  Expenses:Taxes:Y2022:US:Medicare                 106.62 USD
  Expenses:Taxes:Y2022:US:Federal                 1062.92 USD
  Expenses:Taxes:Y2022:US:State                    365.08 USD
  Expenses:Taxes:Y2022:US:CityNYC                  174.92 USD
  Expenses:Taxes:Y2022:US:SDI                        1.12 USD
  Expenses:Taxes:Y2022:US:SocSec                   281.54 USD
  Assets:US:Federal:PreTax401k                   -1200.00 IRAUSD
  Expenses:Taxes:Y2022:US:Federal:PreTax401k      1200.00 IRAUSD
  Assets:US:Hooli:Vacation                              5 VACHR
  Income:US:Hooli:Vacation                             -5 VACHR

2022-07-21 * "Hooli" "Payroll"
  Assets:US:BofA:Checking                         1350.60 USD
  Assets:US:Vanguard:Cash                         1200.00 USD
  Income:US:Hooli:Salary                         -4615.38 USD
  Income:US:Hooli:GroupTermLife                    -24.32 USD
  Expenses:Health:Life:GroupTermLife                24.32 USD
  Expenses:Health:Dental:Insurance                   2.90 USD
  Expenses:Health:Medical:Insurance                 27.38 USD
  Expenses:Health:Vision:Insurance                  42.30 USD
  Expenses:Taxes:Y2022:US:Medicare                 106.62 USD
  Expenses:Taxes:Y2022:US:Federal                 1062.92 USD
  Expenses:Taxes:Y2022:US:State                    365.08 USD
  Expenses:Taxes:Y2022:US:CityNYC                  174.92 USD
  Expenses:Taxes:Y2022:US:SDI                        1.12 USD
  Expenses:Taxes:Y2022:US:SocSec                   281.54 USD
  Assets:US:Federal:PreTax401k                   -1200.00 IRAUSD
  Expenses:Taxes:Y2022:US:Federal:PreTax401k      1200.00 IRAUSD
  Assets:US:Hooli:Vacation                              5 VACHR
  Income:US:Hooli:Vacation                             -5 VACHR

2022-08-04 * "Hooli" "Payroll"
  Assets:US:BofA:Checking                         2050.60 USD
  Assets:US:Vanguard:Cash                          500.00 USD
  Income:US:Hooli:Salary                         -4615.38 USD
  Income:US:Hooli:GroupTermLife                    -24.32 USD
  Expenses:Health:Life:GroupTermLife                24.32 USD
  Expenses:Health:Dental:Insurance                   2.90 USD
  Expenses:Health:Medical:Insurance                 27.38 USD
  Expenses:Health:Vision:Insurance                  42.30 USD
  Expenses:Taxes:Y2022:US:Medicare                 106.62 USD
  Expenses:Taxes:Y2022:US:Federal                 1062.92 USD
  Expenses:Taxes:Y2022:US:State                    365.08 USD
  Expenses:Taxes:Y2022:US:CityNYC                  174.92 USD
  Expenses:Taxes:Y2022:US:SDI                        1.12 USD
  Expenses:Taxes:Y2022:US:SocSec                   281.54 USD
  Assets:US:Federal:PreTax401k                    -500.00 IRAUSD
  Expenses:Taxes:Y2022:US:Federal:PreTax401k       500.00 IRAUSD
  Assets:US:Hooli:Vacation                              5 VACHR
  Income:US:Hooli:Vacation                             -5 VACHR

2022-08-18 * "Hooli" "Payroll"
  Assets:US:BofA:Checking                         2550.60 USD
  Income:US:Hooli:Salary                         -4615.38 USD
  Income:US:Hooli:GroupTermLife                    -24.32 USD
  Expenses:Health:Life:GroupTermLife                24.32 USD
  Expenses:Health:Dental:Insurance                   2.90 USD
  Expenses:Health:Medical:Insurance                 27.38 USD
  Expenses:Health:Vision:Insurance                  42.30 USD
  Expenses:Taxes:Y2022:US:Medicare                 106.62 USD
  Expenses:Taxes:Y2022:US:Federal                 1062.92 USD
  Expenses:Taxes:Y2022:US:State                    365.08 USD
  Expenses:Taxes:Y2022:US:CityNYC                  174.92 USD
  Expenses:Taxes:Y2022:US:SDI                        1.12 USD
  Expenses:Taxes:Y2022:US:SocSec                   281.54 USD
  Assets:US:Federal:PreTax401k                       0.00 IRAUSD
  Assets:US:Hooli:Vacation                              5 VACHR
  Income:US:Hooli:Vacation                             -5 VACHR

2022-09-01 * "Hooli" "Payroll"
  Assets:US:BofA:Checking                         2550.60 USD
  Income:US:Hooli:Salary                         -4615.38 USD
  Income:US:Hooli:GroupTermLife                    -24.32 USD
  Expenses:Health:Life:GroupTermLife                24.32 USD
  Expenses:Health:Dental:Insurance                   2.90 USD
  Expenses:Health:Medical:Insurance                 27.38 USD
  Expenses:Health:Vision:Insurance                  42.30 USD
  Expenses:Taxes:Y2022:US:Medicare                 106.62 USD
  Expenses:Taxes:Y2022:US:Federal                 1062.92 USD
  Expenses:Taxes:Y2022:US:State                    365.08 USD
  Expenses:Taxes:Y2022:US:CityNYC                  174.92 USD
  Expenses:Taxes:Y2022:US:SDI                        1.12 USD
  Expenses:Taxes:Y2022:US:SocSec                   281.54 USD
  Assets:US:Federal:PreTax401k                       0.00 IRAUSD
  Assets:US:Hooli:Vacation                              5 VACHR
  Income:US:Hooli:Vacation                             -5 VACHR

2022-09-15 * "Hooli" "Payroll"
  Assets:US:BofA:Checking                         2550.60 USD
  Income:US:Hooli:Salary                         -4615.38 USD
  Income:US:Hooli:GroupTermLife                    -24.32 USD
  Expenses:Health:Life:GroupTermLife                24.32 USD
  Expenses:Health:Dental:Insurance                   2.90 USD
  Expenses:Health:Medical:Insurance                 27.38 USD
  Expenses:Health:Vision:Insurance                  42.30 USD
  Expenses:Taxes:Y2022:US:Medicare                 106.62 USD
  Expenses:Taxes:Y2022:US:Federal                 1062.92 USD
  Expenses:Taxes:Y2022:US:State                    365.08 USD
  Expenses:Taxes:Y2022:US:CityNYC                  174.92 USD
  Expenses:Taxes:Y2022:US:SDI                        1.12 USD
  Expenses:Taxes:Y2022:US:SocSec                   281.54 USD
  Assets:US:Federal:PreTax401k                       0.00 IRAUSD
  Assets:US:Hooli:Vacation                              5 VACHR
  Income:US:Hooli:Vacation                             -5 VACHR

2022-09-29 * "Hooli" "Payroll"
  Assets:US:BofA:Checking                         2550.60 USD
  Income:US:Hooli:Salary                         -4615.38 USD
  Income:US:Hooli:GroupTermLife                    -24.32 USD
  Expenses:Health:Life:GroupTermLife                24.32 USD
  Expenses:Health:Dental:Insurance                   2.90 USD
  Expenses:Health:Medical:Insurance                 27.38 USD
  Expenses:Health:Vision:Insurance                  42.30 USD
  Expenses:Taxes:Y2022:US:Medicare                 106.62 USD
  Expenses:Taxes:Y2022:US:Federal                 1062.92 USD
  Expenses:Taxes:Y2022:US:State                    365.08 USD
  Expenses:Taxes:Y2022:US:CityNYC                  174.92 USD
  Expenses:Taxes:Y2022:US:SDI                        1.12 USD
  Expenses:Taxes:Y2022:US:SocSec                   281.54 USD
  Assets:US:Federal:PreTax401k                       0.00 IRAUSD
  Assets:US:Hooli:Vacation                              5 VACHR
  Income:US:Hooli:Vacation                             -5 VACHR

2022-10-13 * "Hooli" "Payroll"
  Assets:US:BofA:Checking                         2550.60 USD
  Income:US:Hooli:Salary                         -4615.38 USD
  Income:US:Hooli:GroupTermLife                    -24.32 USD
  Expenses:Health:Life:GroupTermLife                24.32 USD
  Expenses:Health:Dental:Insurance                   2.90 USD
  Expenses:Health:Medical:Insurance                 27.38 USD
  Expenses:Health:Vision:Insurance                  42.30 USD
  Expenses:Taxes:Y2022:US:Medicare                 106.62 USD
  Expenses:Taxes:Y2022:US:Federal                 1062.92 USD
  Expenses:Taxes:Y2022:US:State                    365.08 USD
  Expenses:Taxes:Y2022:US:CityNYC                  174.92 USD
  Expenses:Taxes:Y2022:US:SDI                        1.12 USD
  Expenses:Taxes:Y2022:US:SocSec                   281.54 USD
  Assets:US:Federal:PreTax401k                       0.00 IRAUSD
  Assets:US:Hooli:Vacation                              5 VACHR
  Income:US:Hooli:Vacation                             -5 VACHR

2022-10-27 * "Hooli" "Payroll"
  Assets:US:BofA:Checking                         2550.60 USD
  Income:US:Hooli:Salary                         -4615.38 USD
  Income:US:Hooli:GroupTermLife                    -24.32 USD
  Expenses:Health:Life:GroupTermLife                24.32 USD
  Expenses:Health:Dental:Insurance                   2.90 USD
  Expenses:Health:Medical:Insurance                 27.38 USD
  Expenses:Health:Vision:Insurance                  42.30 USD
  Expenses:Taxes:Y2022:US:Medicare                 106.62 USD
  Expenses:Taxes:Y2022:US:Federal                 1062.92 USD
  Expenses:Taxes:Y2022:US:State                    365.08 USD
  Expenses:Taxes:Y2022:US:CityNYC                  174.92 USD
  Expenses:Taxes:Y2022:US:SDI                        1.12 USD
  Expenses:Taxes:Y2022:US:SocSec                   281.54 USD
  Assets:US:Federal:PreTax401k                       0.00 IRAUSD
  Assets:US:Hooli:Vacation                              5 VACHR
  Income:US:Hooli:Vacation                             -5 VACHR

2022-11-10 * "Hooli" "Payroll"
  Assets:US:BofA:Checking                         2550.60 USD
  Income:US:Hooli:Salary                         -4615.38 USD
  Income:US:Hooli:GroupTermLife                    -24.32 USD
  Expenses:Health:Life:GroupTermLife                24.32 USD
  Expenses:Health:Dental:Insurance                   2.90 USD
  Expenses:Health:Medical:Insurance                 27.38 USD
  Expenses:Health:Vision:Insurance                  42.30 USD
  Expenses:Taxes:Y2022:US:Medicare                 106.62 USD
  Expenses:Taxes:Y2022:US:Federal                 1062.92 USD
  Expenses:Taxes:Y2022:US:State                    365.08 USD
  Expenses:Taxes:Y2022:US:CityNYC                  174.92 USD
  Expenses:Taxes:Y2022:US:SDI                        1.12 USD
  Expenses:Taxes:Y2022:US:SocSec                   281.54 USD
  Assets:US:Federal:PreTax401k                       0.00 IRAUSD
  Assets:US:Hooli:Vacation                              5 VACHR
  Income:US:Hooli:Vacation                             -5 VACHR

2022-11-24 * "Hooli" "Payroll"
  Assets:US:BofA:Checking                         2550.60 USD
  Income:US:Hooli:Salary                         -4615.38 USD
  Income:US:Hooli:GroupTermLife                    -24.32 USD
  Expenses:Health:Life:GroupTermLife                24.32 USD
  Expenses:Health:Dental:Insurance                   2.90 USD
  Expenses:Health:Medical:Insurance                 27.38 USD
  Expenses:Health:Vision:Insurance                  42.30 USD
  Expenses:Taxes:Y2022:US:Medicare                 106.62 USD
  Expenses:Taxes:Y2022:US:Federal                 1062.92 USD
  Expenses:Taxes:Y2022:US:State                    365.08 USD
  Expenses:Taxes:Y2022:US:CityNYC                  174.92 USD
  Expenses:Taxes:Y2022:US:SDI                        1.12 USD
  Expenses:Taxes:Y2022:US:SocSec                   281.54 USD
  Assets:US:Federal:PreTax401k                       0.00 IRAUSD
  Assets:US:Hooli:Vacation                              5 VACHR
  Income:US:Hooli:Vacation                             -5 VACHR

2022-12-08 * "Hooli" "Payroll"
  Assets:US:BofA:Checking                         2589.06 USD
  Income:US:Hooli:Salary                         -4615.38 USD
  Income:US:Hooli:GroupTermLife                    -24.32 USD
  Expenses:Health:Life:GroupTermLife                24.32 USD
  Expenses:Health:Dental:Insurance                   2.90 USD
  Expenses:Health:Medical:Insurance                 27.38 USD
  Expenses:Health:Vision:Insurance                  42.30 USD
  Expenses:Taxes:Y2022:US:Medicare                 106.62 USD
  Expenses:Taxes:Y2022:US:Federal                 1062.92 USD
  Expenses:Taxes:Y2022:US:State                    365.08 USD
  Expenses:Taxes:Y2022:US:CityNYC                  174.92 USD
  Expenses:Taxes:Y2022:US:SDI                        1.12 USD
  Expenses:Taxes:Y2022:US:SocSec                   243.08 USD
  Assets:US:Federal:PreTax401k                       0.00 IRAUSD
  Assets:US:Hooli:Vacation                              5 VACHR
  Income:US:Hooli:Vacation                             -5 VACHR

2022-12-22 * "Hooli" "Payroll"
  Assets:US:BofA:Checking                         2832.14 USD
  Income:US:Hooli:Salary                         -4615.38 USD
  Income:US:Hooli:GroupTermLife                    -24.32 USD
  Expenses:Health:Life:GroupTermLife                24.32 USD
  Expenses:Health:Dental:Insurance                   2.90 USD
  Expenses:Health:Medical:Insurance                 27.38 USD
  Expenses:Health:Vision:Insurance                  42.30 USD
  Expenses:Taxes:Y2022:US:Medicare                 106.62 USD
  Expenses:Taxes:Y2022:US:Federal                 1062.92 USD
  Expenses:Taxes:Y2022:US:State                    365.08 USD
  Expenses:Taxes:Y2022:US:CityNYC                  174.92 USD
  Expenses:Taxes:Y2022:US:SDI                        1.12 USD
  Expenses:Taxes:Y2022:US:SocSec                     0.00 USD
  Assets:US:Federal:PreTax401k                       0.00 IRAUSD
  Assets:US:Hooli:Vacation                              5 VACHR
  Income:US:Hooli:Vacation                             -5 VACHR

2023-01-05 * "Hooli" "Payroll"
  Assets:US:BofA:Checking                         1350.60 USD
  Assets:US:Vanguard:Cash                         1200.00 USD
  Income:US:Hooli:Salary                         -4615.38 USD
  Income:US:Hooli:GroupTermLife                    -24.32 USD
  Expenses:Health:Life:GroupTermLife                24.32 USD
  Expenses:Health:Dental:Insurance                   2.90 USD
  Expenses:Health:Medical:Insurance                 27.38 USD
  Expenses:Health:Vision:Insurance                  42.30 USD
  Expenses:Taxes:Y2023:US:Medicare                 106.62 USD
  Expenses:Taxes:Y2023:US:Federal                 1062.92 USD
  Expenses:Taxes:Y2023:US:State                    365.08 USD
  Expenses:Taxes:Y2023:US:CityNYC                  174.92 USD
  Expenses:Taxes:Y2023:US:SDI                        1.12 USD
  Expenses:Taxes:Y2023:US:SocSec                   281.54 USD
  Assets:US:Federal:PreTax401k                   -1200.00 IRAUSD
  Expenses:Taxes:Y2023:US:Federal:PreTax401k      1200.00 IRAUSD
  Assets:US:Hooli:Vacation                              5 VACHR
  Income:US:Hooli:Vacation                             -5 VACHR

2023-01-19 * "Hooli" "Payroll"
  Assets:US:BofA:Checking                         1350.60 USD
  Assets:US:Vanguard:Cash                         1200.00 USD
  Income:US:Hooli:Salary                         -4615.38 USD
  Income:US:Hooli:GroupTermLife                    -24.32 USD
  Expenses:Health:Life:GroupTermLife                24.32 USD
  Expenses:Health:Dental:Insurance                   2.90 USD
  Expenses:Health:Medical:Insurance                 27.38 USD
  Expenses:Health:Vision:Insurance                  42.30 USD
  Expenses:Taxes:Y2023:US:Medicare                 106.62 USD
  Expenses:Taxes:Y2023:US:Federal                 1062.92 USD
  Expenses:Taxes:Y2023:US:State                    365.08 USD
  Expenses:Taxes:Y2023:US:CityNYC                  174.92 USD
  Expenses:Taxes:Y2023:US:SDI                        1.12 USD
  Expenses:Taxes:Y2023:US:SocSec                   281.54 USD
  Assets:US:Federal:PreTax401k                   -1200.00 IRAUSD
  Expenses:Taxes:Y2023:US:Federal:PreTax401k      1200.00 IRAUSD
  Assets:US:Hooli:Vacation                              5 VACHR
  Income:US:Hooli:Vacation                             -5 VACHR

2023-02-02 * "Hooli" "Payroll"
  Assets:US:BofA:Checking                         1350.60 USD
  Assets:US:Vanguard:Cash                         1200.00 USD
  Income:US:Hooli:Salary                         -4615.38 USD
  Income:US:Hooli:GroupTermLife                    -24.32 USD
  Expenses:Health:Life:GroupTermLife                24.32 USD
  Expenses:Health:Dental:Insurance                   2.90 USD
  Expenses:Health:Medical:Insurance                 27.38 USD
  Expenses:Health:Vision:Insurance                  42.30 USD
  Expenses:Taxes:Y2023:US:Medicare                 106.62 USD
  Expenses:Taxes:Y2023:US:Federal                 1062.92 USD
  Expenses:Taxes:Y2023:US:State                    365.08 USD
  Expenses:Taxes:Y2023:US:CityNYC                  174.92 USD
  Expenses:Taxes:Y2023:US:SDI                        1.12 USD
  Expenses:Taxes:Y2023:US:SocSec                   281.54 USD
  Assets:US:Federal:PreTax401k                   -1200.00 IRAUSD
  Expenses:Taxes:Y2023:US:Federal:PreTax401k      1200.00 IRAUSD
  Assets:US:Hooli:Vacation                              5 VACHR
  Income:US:Hooli:Vacation                             -5 VACHR

2023-02-16 * "Hooli" "Payroll"
  Assets:US:BofA:Checking                         1350.60 USD
  Assets:US:Vanguard:Cash                         1200.00 USD
  Income:US:Hooli:Salary                         -4615.38 USD
  Income:US:Hooli:GroupTermLife                    -24.32 USD
  Expenses:Health:Life:GroupTermLife                24.32 USD
  Expenses:Health:Dental:Insurance                   2.90 USD
  Expenses:Health:Medical:Insurance                 27.38 USD
  Expenses:Health:Vision:Insurance                  42.30 USD
  Expenses:Taxes:Y2023:US:Medicare                 106.62 USD
  Expenses:Taxes:Y2023:US:Federal                 1062.92 USD
  Expenses:Taxes:Y2023:US:State                    365.08 USD
  Expenses:Taxes:Y2023:US:CityNYC                  174.92 USD
  Expenses:Taxes:Y2023:US:SDI                        1.12 USD
  Expenses:Taxes:Y2023:US:SocSec                   281.54 USD
  Assets:US:Federal:PreTax401k                   -1200.00 IRAUSD
  Expenses:Taxes:Y2023:US:Federal:PreTax401k      1200.00 IRAUSD
  Assets:US:Hooli:Vacation                              5 VACHR
  Income:US:Hooli:Vacation                             -5 VACHR

2023-03-02 * "Hooli" "Payroll"
  Assets:US:BofA:Checking                         1350.60 USD
  Assets:US:Vanguard:Cash                         1200.00 USD
  Income:US:Hooli:Salary                         -4615.38 USD
  Income:US:Hooli:GroupTermLife                    -24.32 USD
  Expenses:Health:Life:GroupTermLife                24.32 USD
  Expenses:Health:Dental:Insurance                   2.90 USD
  Expenses:Health:Medical:Insurance                 27.38 USD
  Expenses:Health:Vision:Insurance                  42.30 USD
  Expenses:Taxes:Y2023:US:Medicare                 106.62 USD
  Expenses:Taxes:Y2023:US:Federal                 1062.92 USD
  Expenses:Taxes:Y2023:US:State                    365.08 USD
  Expenses:Taxes:Y2023:US:CityNYC                  174.92 USD
  Expenses:Taxes:Y2023:US:SDI                        1.12 USD
  Expenses:Taxes:Y2023:US:SocSec                   281.54 USD
  Assets:US:Federal:PreTax401k                   -1200.00 IRAUSD
  Expenses:Taxes:Y2023:US:Federal:PreTax401k      1200.00 IRAUSD
  Assets:US:Hooli:Vacation                              5 VACHR
  Income:US:Hooli:Vacation                             -5 VACHR

2023-03-16 * "Hooli" "Payroll"
  Assets:US:BofA:Checking                         1350.60 USD
  Assets:US:Vanguard:Cash                         1200.00 USD
  Income:US:Hooli:Salary                         -4615.38 USD
  Income:US:Hooli:GroupTermLife                    -24.32 USD
  Expenses:Health:Life:GroupTermLife                24.32 USD
  Expenses:Health:Dental:Insurance                   2.90 USD
  Expenses:Health:Medical:Insurance                 27.38 USD
  Expenses:Health:Vision:Insurance                  42.30 USD
  Expenses:Taxes:Y2023:US:Medicare                 106.62 USD
  Expenses:Taxes:Y2023:US:Federal                 1062.92 USD
  Expenses:Taxes:Y2023:US:State                    365.08 USD
  Expenses:Taxes:Y2023:US:CityNYC                  174.92 USD
  Expenses:Taxes:Y2023:US:SDI                        1.12 USD
  Expenses:Taxes:Y2023:US:SocSec                   281.54 USD
  Assets:US:Federal:PreTax401k                   -1200.00 IRAUSD
  Expenses:Taxes:Y2023:US:Federal:PreTax401k      1200.00 IRAUSD
  Assets:US:Hooli:Vacation                              5 VACHR
  Income:US:Hooli:Vacation                             -5 VACHR

2023-03-30 * "Hooli" "Payroll"
  Assets:US:BofA:Checking                         1350.60 USD
  Assets:US:Vanguard:Cash                         1200.00 USD
  Income:US:Hooli:Salary                         -4615.38 USD
  Income:US:Hooli:GroupTermLife                    -24.32 USD
  Expenses:Health:Life:GroupTermLife                24.32 USD
  Expenses:Health:Dental:Insurance                   2.90 USD
  Expenses:Health:Medical:Insurance                 27.38 USD
  Expenses:Health:Vision:Insurance                  42.30 USD
  Expenses:Taxes:Y2023:US:Medicare                 106.62 USD
  Expenses:Taxes:Y2023:US:Federal                 1062.92 USD
  Expenses:Taxes:Y2023:US:State                    365.08 USD
  Expenses:Taxes:Y2023:US:CityNYC                  174.92 USD
  Expenses:Taxes:Y2023:US:SDI                        1.12 USD
  Expenses:Taxes:Y2023:US:SocSec                   281.54 USD
  Assets:US:Federal:PreTax401k                   -1200.00 IRAUSD
  Expenses:Taxes:Y2023:US:Federal:PreTax401k      1200.00 IRAUSD
  Assets:US:Hooli:Vacation                              5 VACHR
  Income:US:Hooli:Vacation                             -5 VACHR

2023-04-13 * "Hooli" "Payroll"
  Assets:US:BofA:Checking                         1350.60 USD
  Assets:US:Vanguard:Cash                         1200.00 USD
  Income:US:Hooli:Salary                         -4615.38 USD
  Income:US:Hooli:GroupTermLife                    -24.32 USD
  Expenses:Health:Life:GroupTermLife                24.32 USD
  Expenses:Health:Dental:Insurance                   2.90 USD
  Expenses:Health:Medical:Insurance                 27.38 USD
  Expenses:Health:Vision:Insurance                  42.30 USD
  Expenses:Taxes:Y2023:US:Medicare                 106.62 USD
  Expenses:Taxes:Y2023:US:Federal                 1062.92 USD
  Expenses:Taxes:Y2023:US:State                    365.08 USD
  Expenses:Taxes:Y2023:US:CityNYC                  174.92 USD
  Expenses:Taxes:Y2023:US:SDI                        1.12 USD
  Expenses:Taxes:Y2023:US:SocSec                   281.54 USD
  Assets:US:Federal:PreTax401k                   -1200.00 IRAUSD
  Expenses:Taxes:Y2023:US:Federal:PreTax401k      1200.00 IRAUSD
  Assets:US:Hooli:Vacation                              5 VACHR
  Income:US:Hooli:Vacation                             -5 VACHR

2023-04-27 * "Hooli" "Payroll"
  Assets:US:BofA:Checking                         1350.60 USD
  Assets:US:Vanguard:Cash                         1200.00 USD
  Income:US:Hooli:Salary                         -4615.38 USD
  Income:US:Hooli:GroupTermLife                    -24.32 USD
  Expenses:Health:Life:GroupTermLife                24.32 USD
  Expenses:Health:Dental:Insurance                   2.90 USD
  Expenses:Health:Medical:Insurance                 27.38 USD
  Expenses:Health:Vision:Insurance                  42.30 USD
  Expenses:Taxes:Y2023:US:Medicare                 106.62 USD
  Expenses:Taxes:Y2023:US:Federal                 1062.92 USD
  Expenses:Taxes:Y2023:US:State                    365.08 USD
  Expenses:Taxes:Y2023:US:CityNYC                  174.92 USD
  Expenses:Taxes:Y2023:US:SDI                        1.12 USD
  Expenses:Taxes:Y2023:US:SocSec                   281.54 USD
  Assets:US:Federal:PreTax401k                   -1200.00 IRAUSD
  Expenses:Taxes:Y2023:US:Federal:PreTax401k      1200.00 IRAUSD
  Assets:US:Hooli:Vacation                              5 VACHR
  Income:US:Hooli:Vacation                             -5 VACHR

2023-05-11 * "Hooli" "Payroll"
  Assets:US:BofA:Checking                         1350.60 USD
  Assets:US:Vanguard:Cash                         1200.00 USD
  Income:US:Hooli:Salary                         -4615.38 USD
  Income:US:Hooli:GroupTermLife                    -24.32 USD
  Expenses:Health:Life:GroupTermLife                24.32 USD
  Expenses:Health:Dental:Insurance                   2.90 USD
  Expenses:Health:Medical:Insurance                 27.38 USD
  Expenses:Health:Vision:Insurance                  42.30 USD
  Expenses:Taxes:Y2023:US:Medicare                 106.62 USD
  Expenses:Taxes:Y2023:US:Federal                 1062.92 USD
  Expenses:Taxes:Y2023:US:State                    365.08 USD
  Expenses:Taxes:Y2023:US:CityNYC                  174.92 USD
  Expenses:Taxes:Y2023:US:SDI                        1.12 USD
  Expenses:Taxes:Y2023:US:SocSec                   281.54 USD
  Assets:US:Federal:PreTax401k                   -1200.00 IRAUSD
  Expenses:Taxes:Y2023:US:Federal:PreTax401k      1200.00 IRAUSD
  Assets:US:Hooli:Vacation                              5 VACHR
  Income:US:Hooli:Vacation                             -5 VACHR

2023-05-25 * "Hooli" "Payroll"
  Assets:US:BofA:Checking                         1350.60 USD
  Assets:US:Vanguard:Cash                         1200.00 USD
  Income:US:Hooli:Salary                         -4615.38 USD
  Income:US:Hooli:GroupTermLife                    -24.32 USD
  Expenses:Health:Life:GroupTermLife                24.32 USD
  Expenses:Health:Dental:Insurance                   2.90 USD
  Expenses:Health:Medical:Insurance                 27.38 USD
  Expenses:Health:Vision:Insurance                  42.30 USD
  Expenses:Taxes:Y2023:US:Medicare                 106.62 USD
  Expenses:Taxes:Y2023:US:Federal                 1062.92 USD
  Expenses:Taxes:Y2023:US:State                    365.08 USD
  Expenses:Taxes:Y2023:US:CityNYC                  174.92 USD
  Expenses:Taxes:Y2023:US:SDI                        1.12 USD
  Expenses:Taxes:Y2023:US:SocSec                   281.54 USD
  Assets:US:Federal:PreTax401k                   -1200.00 IRAUSD
  Expenses:Taxes:Y2023:US:Federal:PreTax401k      1200.00 IRAUSD
  Assets:US:Hooli:Vacation                              5 VACHR
  Income:US:Hooli:Vacation                             -5 VACHR

2023-06-08 * "Hooli" "Payroll"
  Assets:US:BofA:Checking                         1350.60 USD
  Assets:US:Vanguard:Cash                         1200.00 USD
  Income:US:Hooli:Salary                         -4615.38 USD
  Income:US:Hooli:GroupTermLife                    -24.32 USD
  Expenses:Health:Life:GroupTermLife                24.32 USD
  Expenses:Health:Dental:Insurance                   2.90 USD
  Expenses:Health:Medical:Insurance                 27.38 USD
  Expenses:Health:Vision:Insurance                  42.30 USD
  Expenses:Taxes:Y2023:US:Medicare                 106.62 USD
  Expenses:Taxes:Y2023:US:Federal                 1062.92 USD
  Expenses:Taxes:Y2023:US:State                    365.08 USD
  Expenses:Taxes:Y2023:US:CityNYC                  174.92 USD
  Expenses:Taxes:Y2023:US:SDI                        1.12 USD
  Expenses:Taxes:Y2023:US:SocSec                   281.54 USD
  Assets:US:Federal:PreTax401k                   -1200.00 IRAUSD
  Expenses:Taxes:Y2023:US:Federal:PreTax401k      1200.00 IRAUSD
  Assets:US:Hooli:Vacation                              5 VACHR
  Income:US:Hooli:Vacation                             -5 VACHR

2023-06-22 * "Hooli" "Payroll"
  Assets:US:BofA:Checking                         1350.60 USD
  Assets:US:Vanguard:Cash                         1200.00 USD
  Income:US:Hooli:Salary                         -4615.38 USD
  Income:US:Hooli:GroupTermLife                    -24.32 USD
  Expenses:Health:Life:GroupTermLife                24.32 USD
  Expenses:Health:Dental:Insurance                   2.90 USD
  Expenses:Health:Medical:Insurance                 27.38 USD
  Expenses:Health:Vision:Insurance                  42.30 USD
  Expenses:Taxes:Y2023:US:Medicare                 106.62 USD
  Expenses:Taxes:Y2023:US:Federal                 1062.92 USD
  Expenses:Taxes:Y2023:US:State                    365.08 USD
  Expenses:Taxes:Y2023:US:CityNYC                  174.92 USD
  Expenses:Taxes:Y2023:US:SDI                        1.12 USD
  Expenses:Taxes:Y2023:US:SocSec                   281.54 USD
  Assets:US:Federal:PreTax401k                   -1200.00 IRAUSD
  Expenses:Taxes:Y2023:US:Federal:PreTax401k      1200.00 IRAUSD
  Assets:US:Hooli:Vacation                              5 VACHR
  Income:US:Hooli:Vacation                             -5 VACHR

2023-07-06 * "Hooli" "Payroll"
  Assets:US:BofA:Checking                         1350.60 USD
  Assets:US:Vanguard:Cash                         1200.00 USD
  Income:US:Hooli:Salary                         -4615.38 USD
  Income:US:Hooli:GroupTermLife                    -24.32 USD
  Expenses:Health:Life:GroupTermLife                24.32 USD
  Expenses:Health:Dental:Insurance                   2.90 USD
  Expenses:Health:Medical:Insurance                 27.38 USD
  Expenses:Health:Vision:Insurance                  42.30 USD
  Expenses:Taxes:Y2023:US:Medicare                 106.62 USD
  Expenses:Taxes:Y2023:US:Federal                 1062.92 USD
  Expenses:Taxes:Y2023:US:State                    365.08 USD
  Expenses:Taxes:Y2023:US:CityNYC                  174.92 USD
  Expenses:Taxes:Y2023:US:SDI                        1.12 USD
  Expenses:Taxes:Y2023:US:SocSec                   281.54 USD
  Assets:US:Federal:PreTax401k                   -1200.00 IRAUSD
  Expenses:Taxes:Y2023:US:Federal:PreTax401k      1200.00 IRAUSD
  Assets:US:Hooli:Vacation                              5 VACHR
  Income:US:Hooli:Vacation                             -5 VACHR

2023-07-20 * "Hooli" "Payroll"
  Assets:US:BofA:Checking                         1350.60 USD
  Assets:US:Vanguard:Cash                         1200.00 USD
  Income:US:Hooli:Salary                         -4615.38 USD
  Income:US:Hooli:GroupTermLife                    -24.32 USD
  Expenses:Health:Life:GroupTermLife                24.32 USD
  Expenses:Health:Dental:Insurance                   2.90 USD
  Expenses:Health:Medical:Insurance                 27.38 USD
  Expenses:Health:Vision:Insurance                  42.30 USD
  Expenses:Taxes:Y2023:US:Medicare                 106.62 USD
  Expenses:Taxes:Y2023:US:Federal                 1062.92 USD
  Expenses:Taxes:Y2023:US:State                    365.08 USD
  Expenses:Taxes:Y2023:US:CityNYC                  174.92 USD
  Expenses:Taxes:Y2023:US:SDI                        1.12 USD
  Expenses:Taxes:Y2023:US:SocSec                   281.54 USD
  Assets:US:Federal:PreTax401k                   -1200.00 IRAUSD
  Expenses:Taxes:Y2023:US:Federal:PreTax401k      1200.00 IRAUSD
  Assets:US:Hooli:Vacation                              5 VACHR
  Income:US:Hooli:Vacation                             -5 VACHR

2023-08-03 * "Hooli" "Payroll"
  Assets:US:BofA:Checking                         2050.60 USD
  Assets:US:Vanguard:Cash                          500.00 USD
  Income:US:Hooli:Salary                         -4615.38 USD
  Income:US:Hooli:GroupTermLife                    -24.32 USD
  Expenses:Health:Life:GroupTermLife                24.32 USD
  Expenses:Health:Dental:Insurance                   2.90 USD
  Expenses:Health:Medical:Insurance                 27.38 USD
  Expenses:Health:Vision:Insurance                  42.30 USD
  Expenses:Taxes:Y2023:US:Medicare                 106.62 USD
  Expenses:Taxes:Y2023:US:Federal                 1062.92 USD
  Expenses:Taxes:Y2023:US:State                    365.08 USD
  Expenses:Taxes:Y2023:US:CityNYC                  174.92 USD
  Expenses:Taxes:Y2023:US:SDI                        1.12 USD
  Expenses:Taxes:Y2023:US:SocSec                   281.54 USD
  Assets:US:Federal:PreTax401k                    -500.00 IRAUSD
  Expenses:Taxes:Y2023:US:Federal:PreTax401k       500.00 IRAUSD
  Assets:US:Hooli:Vacation                              5 VACHR
  Income:US:Hooli:Vacation                             -5 VACHR

2023-08-17 * "Hooli" "Payroll"
  Assets:US:BofA:Checking                         2550.60 USD
  Income:US:Hooli:Salary                         -4615.38 USD
  Income:US:Hooli:GroupTermLife                    -24.32 USD
  Expenses:Health:Life:GroupTermLife                24.32 USD
  Expenses:Health:Dental:Insurance                   2.90 USD
  Expenses:Health:Medical:Insurance                 27.38 USD
  Expenses:Health:Vision:Insurance                  42.30 USD
  Expenses:Taxes:Y2023:US:Medicare                 106.62 USD
  Expenses:Taxes:Y2023:US:Federal                 1062.92 USD
  Expenses:Taxes:Y2023:US:State                    365.08 USD
  Expenses:Taxes:Y2023:US:CityNYC                  174.92 USD
  Expenses:Taxes:Y2023:US:SDI                        1.12 USD
  Expenses:Taxes:Y2023:US:SocSec                   281.54 USD
  Assets:US:Federal:PreTax401k                       0.00 IRAUSD
  Assets:US:Hooli:Vacation                              5 VACHR
  Income:US:Hooli:Vacation                             -5 VACHR



* Taxes

1980-05-12 open Income:US:Federal:PreTax401k                    IRAUSD
1980-05-12 open Assets:US:Federal:PreTax401k                    IRAUSD



** Tax Year 2021

2021-01-01 open Expenses:Taxes:Y2021:US:Federal:PreTax401k      IRAUSD
2021-01-01 open Expenses:Taxes:Y2021:US:Medicare                USD
2021-01-01 open Expenses:Taxes:Y2021:US:Federal                 USD
2021-01-01 open Expenses:Taxes:Y2021:US:CityNYC                 USD
2021-01-01 open Expenses:Taxes:Y2021:US:SDI                     USD
2021-01-01 open Expenses:Taxes:Y2021:US:State                   USD
2021-01-01 open Expenses:Taxes:Y2021:US:SocSec                  USD

2021-01-01 balance Assets:US:Federal:PreTax401k         0 IRAUSD

2021-01-01 * "Allowed contributions for one year"
  Income:US:Federal:PreTax401k                     -18500 IRAUSD
  Assets:US:Federal:PreTax401k                      18500 IRAUSD

2022-03-20 * "Filing taxes for 2021"
  Expenses:Taxes:Y2021:US:Federal                  321.33 USD
  Expenses:Taxes:Y2021:US:State                    236.86 USD
  Liabilities:AccountsPayable                     -558.19 USD

2022-03-23 * "FEDERAL TAXPYMT"
  Assets:US:BofA:Checking                         -321.33 USD
  Liabilities:AccountsPayable                      321.33 USD

2022-03-23 * "STATE TAX & FINANC PYMT"
  Assets:US:BofA:Checking                         -236.86 USD
  Liabilities:AccountsPayable                      236.86 USD



** Tax Year 2022

2022-01-01 open Expenses:Taxes:Y2022:US:Federal:PreTax401k      IRAUSD
2022-01-01 open Expenses:Taxes:Y2022:US:Medicare                USD
2022-01-01 open Expenses:Taxes:Y2022:US:Federal                 USD
2022-01-01 open Expenses:Taxes:Y2022:US:CityNYC                 USD
2022-01-01 open Expenses:Taxes:Y2022:US:SDI                     USD
2022-01-01 open Expenses:Taxes:Y2022:US:State                   USD
2022-01-01 open Expenses:Taxes:Y2022:US:SocSec                  USD

2022-01-01 balance Assets:US:Federal:PreTax401k         0 IRAUSD

2022-01-01 * "Allowed contributions for one year"
  Income:US:Federal:PreTax401k                     -18500 IRAUSD
  Assets:US:Federal:PreTax401k                      18500 IRAUSD

2023-03-21 * "Filing taxes for 2022"
  Expenses:Taxes:Y2022:US:Federal                  488.77 USD
  Expenses:Taxes:Y2022:US:State                    276.41 USD
  Liabilities:AccountsPayable                     -765.18 USD

2023-03-21 * "FEDERAL TAXPYMT"
  Assets:US:BofA:Checking                         -488.77 USD
  Liabilities:AccountsPayable                      488.77 USD

2023-03-21 * "STATE TAX & FINANC PYMT"
  Assets:US:BofA:Checking                         -276.41 USD
  Liabilities:AccountsPayable                      276.41 USD



** Tax Year 2023

2023-01-01 open Expenses:Taxes:Y2023:US:Federal:PreTax401k      IRAUSD
2023-01-01 open Expenses:Taxes:Y2023:US:Medicare                USD
2023-01-01 open Expenses:Taxes:Y2023:US:Federal                 USD
2023-01-01 open Expenses:Taxes:Y2023:US:CityNYC                 USD
2023-01-01 open Expenses:Taxes:Y2023:US:SDI                     USD
2023-01-01 open Expenses:Taxes:Y2023:US:State                   USD
2023-01-01 open Expenses:Taxes:Y2023:US:SocSec                  USD

2023-01-01 balance Assets:US:Federal:PreTax401k         0 IRAUSD

2023-01-01 * "Allowed contributions for one year"
  Income:US:Federal:PreTax401k                     -18500 IRAUSD
  Assets:US:Federal:PreTax401k                      18500 IRAUSD



* Expenses

1980-05-12 open Expenses:Food:Groceries
1980-05-12 open Expenses:Food:Restaurant
1980-05-12 open Expenses:Food:Coffee
1980-05-12 open Expenses:Food:Alcohol
1980-05-12 open Expenses:Transport:Tram
1980-05-12 open Expenses:Home:Rent
1980-05-12 open Expenses:Home:Electricity
1980-05-12 open Expenses:Home:Internet
1980-05-12 open Expenses:Home:Phone
1980-05-12 open Expenses:Financial:Fees
1980-05-12 open Expenses:Financial:Commissions



* Prices

2021-01-01 price VBMPX                              43.80 USD
2021-01-01 price RGAGX                             139.93 USD
2021-01-01 price ITOT                              121.60 USD
2021-01-01 price VEA                               150.01 USD
2021-01-01 price VHT                               126.62 USD
2021-01-01 price GLD                                81.34 USD
2021-01-08 price VBMPX                              44.21 USD
2021-01-08 price RGAGX                             144.71 USD
2021-01-08 price ITOT                              118.74 USD
2021-01-08 price VEA                               149.01 USD
2021-01-08 price VHT                               124.24 USD
2021-01-08 price GLD                                80.64 USD
2021-01-15 price VBMPX                              43.28 USD
2021-01-15 price RGAGX                             142.81 USD
2021-01-15 price ITOT                              118.11 USD
2021-01-15 price VEA                               150.15 USD
2021-01-15 price VHT                               124.72 USD
2021-01-15 price GLD                                80.03 USD
2021-01-22 price VBMPX                              42.97 USD
2021-01-22 price RGAGX                             141.22 USD
2021-01-22 price ITOT                              118.65 USD
2021-01-22 price VEA                               155.63 USD
2021-01-22 price VHT                               125.43 USD
2021-01-22 price GLD                                81.90 USD
2021-01-29 price VBMPX                              43.39 USD
2021-01-29 price RGAGX                             140.54 USD
2021-01-29 price ITOT                              121.99 USD
2021-01-29 price VEA                               159.18 USD
2021-01-29 price VHT                               124.13 USD
2021-01-29 price GLD                                82.30 USD
2021-02-05 price VBMPX                              42.63 USD
2021-02-05 price RGAGX                             138.10 USD
2021-02-05 price ITOT                              121.80 USD
2021-02-05 price VEA                               160.31 USD
2021-02-05 price VHT                               125.43 USD
2021-02-05 price GLD                                82.82 USD
2021-02-12 price VBMPX                              42.15 USD
2021-02-12 price RGAGX                             138.16 USD
2021-02-12 price ITOT                              121.76 USD
2021-02-12 price VEA                               162.26 USD
2021-02-12 price VHT                               124.96 USD
2021-02-12 price GLD                                83.75 USD
2021-02-19 price VBMPX                              41.97 USD
2021-02-19 price RGAGX                             135.82 USD
2021-02-19 price ITOT                              121.87 USD
2021-02-19 price VEA                               163.63 USD
2021-02-19 price VHT                               125.78 USD
2021-02-19 price GLD                                83.62 USD
2021-02-26 price VBMPX                              41.97 USD
2021-02-26 price RGAGX                             135.54 USD
2021-02-26 price ITOT                              123.92 USD
2021-02-26 price VEA                               158.18 USD
2021-02-26 price VHT                               127.39 USD
2021-02-26 price GLD                                84.56 USD
2021-03-05 price VBMPX                              42.02 USD
2021-03-05 price RGAGX                             136.61 USD
2021-03-05 price ITOT                              123.14 USD
2021-03-05 price VEA                               157.96 USD
2021-03-05 price VHT                               126.17 USD
2021-03-05 price GLD                                85.35 USD
2021-03-12 price VBMPX                              42.67 USD
2021-03-12 price RGAGX                             135.20 USD
2021-03-12 price ITOT                              123.18 USD
2021-03-12 price VEA                               160.75 USD
2021-03-12 price VHT                               127.04 USD
2021-03-12 price GLD                                85.75 USD
2021-03-19 price VBMPX                              42.90 USD
2021-03-19 price RGAGX                             136.96 USD
2021-03-19 price ITOT                              122.72 USD
2021-03-19 price VEA                               158.77 USD
2021-03-19 price VHT                               126.79 USD
2021-03-19 price GLD                                86.25 USD
2021-03-26 price VBMPX                              42.52 USD
2021-03-26 price RGAGX                             138.95 USD
2021-03-26 price ITOT                              122.03 USD
2021-03-26 price VEA                               158.74 USD
2021-03-26 price VHT                               127.59 USD
2021-03-26 price GLD                                86.43 USD
2021-04-02 price VBMPX                              43.16 USD
2021-04-02 price RGAGX                             136.15 USD
2021-04-02 price ITOT                              122.91 USD
2021-04-02 price VEA                               162.80 USD
2021-04-02 price VHT                               128.06 USD
2021-04-02 price GLD                                86.49 USD
2021-04-09 price VBMPX                              42.21 USD
2021-04-09 price RGAGX                             134.38 USD
2021-04-09 price ITOT                              122.33 USD
2021-04-09 price VEA                               159.62 USD
2021-04-09 price VHT                               129.47 USD
2021-04-09 price GLD                                85.63 USD
2021-04-16 price VBMPX                              42.95 USD
2021-04-16 price RGAGX                             131.38 USD
2021-04-16 price ITOT                              125.09 USD
2021-04-16 price VEA                               160.27 USD
2021-04-16 price VHT                               131.41 USD
2021-04-16 price GLD                                84.86 USD
2021-04-23 price VBMPX                              42.65 USD
2021-04-23 price RGAGX                             131.39 USD
2021-04-23 price ITOT                              125.14 USD
2021-04-23 price VEA                               160.44 USD
2021-04-23 price VHT                               132.17 USD
2021-04-23 price GLD                                85.13 USD
2021-04-30 price VBMPX                              42.64 USD
2021-04-30 price RGAGX                             134.53 USD
2021-04-30 price ITOT                              124.44 USD
2021-04-30 price VEA                               160.19 USD
2021-04-30 price VHT                               131.46 USD
2021-04-30 price GLD                                84.68 USD
2021-05-07 price VBMPX                              44.29 USD
2021-05-07 price RGAGX                             133.17 USD
2021-05-07 price ITOT                              123.95 USD
2021-05-07 price VEA                               155.70 USD
2021-05-07 price VHT                               130.83 USD
2021-05-07 price GLD                                84.17 USD
2021-05-14 price VBMPX                              44.63 USD
2021-05-14 price RGAGX                             133.36 USD
2021-05-14 price ITOT                              124.63 USD
2021-05-14 price VEA                               157.18 USD
2021-05-14 price VHT                               132.54 USD
2021-05-14 price GLD                                83.43 USD
2021-05-21 price VBMPX                              43.58 USD
2021-05-21 price RGAGX                             137.34 USD
2021-05-21 price ITOT                              124.66 USD
2021-05-21 price VEA                               156.73 USD
2021-05-21 price VHT                               133.30 USD
2021-05-21 price GLD                                83.52 USD
2021-05-28 price VBMPX                              42.52 USD
2021-05-28 price RGAGX                             135.86 USD
2021-05-28 price ITOT                              124.30 USD
2021-05-28 price VEA                               157.71 USD
2021-05-28 price VHT                               135.02 USD
2021-05-28 price GLD                                84.47 USD
2021-06-04 price VBMPX                              42.71 USD
2021-06-04 price RGAGX                             134.63 USD
2021-06-04 price ITOT                              122.25 USD
2021-06-04 price VEA                               155.62 USD
2021-06-04 price VHT                               133.38 USD
2021-06-04 price GLD                                83.38 USD
2021-06-11 price VBMPX                              42.42 USD
2021-06-11 price RGAGX                             134.81 USD
2021-06-11 price ITOT                              123.14 USD
2021-06-11 price VEA                               158.82 USD
2021-06-11 price VHT                               133.19 USD
2021-06-11 price GLD                                83.60 USD
2021-06-18 price VBMPX                              42.51 USD
2021-06-18 price RGAGX                             139.24 USD
2021-06-18 price ITOT                              123.96 USD
2021-06-18 price VEA                               157.35 USD
2021-06-18 price VHT                               132.19 USD
2021-06-18 price GLD                                83.94 USD
2021-06-25 price VBMPX                              43.06 USD
2021-06-25 price RGAGX                             139.68 USD
2021-06-25 price ITOT                              125.29 USD
2021-06-25 price VEA                               154.97 USD
2021-06-25 price VHT                               131.50 USD
2021-06-25 price GLD                                85.70 USD
2021-07-02 price VBMPX                              43.09 USD
2021-07-02 price RGAGX                             137.30 USD
2021-07-02 price ITOT                              123.86 USD
2021-07-02 price VEA                               156.29 USD
2021-07-02 price VHT                               129.84 USD
2021-07-02 price GLD                                84.06 USD
2021-07-09 price VBMPX                              42.87 USD
2021-07-09 price RGAGX                             133.14 USD
2021-07-09 price ITOT                              124.13 USD
2021-07-09 price VEA                               158.46 USD
2021-07-09 price VHT                               131.76 USD
2021-07-09 price GLD                                84.23 USD
2021-07-16 price VBMPX                              41.46 USD
2021-07-16 price RGAGX                             134.51 USD
2021-07-16 price ITOT                              122.39 USD
2021-07-16 price VEA                               158.35 USD
2021-07-16 price VHT                               129.24 USD
2021-07-16 price GLD                                85.45 USD
2021-07-23 price VBMPX                              40.95 USD
2021-07-23 price RGAGX                             135.89 USD
2021-07-23 price ITOT                              120.97 USD
2021-07-23 price VEA                               154.63 USD
2021-07-23 price VHT                               130.12 USD
2021-07-23 price GLD                                85.37 USD
2021-07-30 price VBMPX                              40.68 USD
2021-07-30 price RGAGX                             133.32 USD
2021-07-30 price ITOT                              119.68 USD
2021-07-30 price VEA                               152.27 USD
2021-07-30 price VHT                               129.36 USD
2021-07-30 price GLD                                85.43 USD
2021-08-06 price VBMPX                              40.26 USD
2021-08-06 price RGAGX                             134.48 USD
2021-08-06 price ITOT                              118.44 USD
2021-08-06 price VEA                               152.26 USD
2021-08-06 price VHT                               130.29 USD
2021-08-06 price GLD                                86.52 USD
2021-08-13 price VBMPX                              39.34 USD
2021-08-13 price RGAGX                             137.26 USD
2021-08-13 price ITOT                              118.55 USD
2021-08-13 price VEA                               153.49 USD
2021-08-13 price VHT                               128.82 USD
2021-08-13 price GLD                                86.39 USD
2021-08-20 price VBMPX                              39.65 USD
2021-08-20 price RGAGX                             140.12 USD
2021-08-20 price ITOT                              119.26 USD
2021-08-20 price VEA                               154.89 USD
2021-08-20 price VHT                               128.64 USD
2021-08-20 price GLD                                86.91 USD
2021-08-27 price VBMPX                              39.35 USD
2021-08-27 price RGAGX                             141.31 USD
2021-08-27 price ITOT                              119.22 USD
2021-08-27 price VEA                               157.46 USD
2021-08-27 price VHT                               128.58 USD
2021-08-27 price GLD                                86.17 USD
2021-09-03 price VBMPX                              39.56 USD
2021-09-03 price RGAGX                             142.62 USD
2021-09-03 price ITOT                              118.15 USD
2021-09-03 price VEA                               162.01 USD
2021-09-03 price VHT                               130.40 USD
2021-09-03 price GLD                                85.22 USD
2021-09-10 price VBMPX                              38.50 USD
2021-09-10 price RGAGX                             143.05 USD
2021-09-10 price ITOT                              119.04 USD
2021-09-10 price VEA                               159.59 USD
2021-09-10 price VHT                               125.56 USD
2021-09-10 price GLD                                84.81 USD
2021-09-17 price VBMPX                              38.17 USD
2021-09-17 price RGAGX                             144.02 USD
2021-09-17 price ITOT                              119.53 USD
2021-09-17 price VEA                               159.33 USD
2021-09-17 price VHT                               126.26 USD
2021-09-17 price GLD                                86.26 USD
2021-09-24 price VBMPX                              37.73 USD
2021-09-24 price RGAGX                             145.52 USD
2021-09-24 price ITOT                              120.87 USD
2021-09-24 price VEA                               159.55 USD
2021-09-24 price VHT                               126.56 USD
2021-09-24 price GLD                                85.82 USD
2021-10-01 price VBMPX                              38.06 USD
2021-10-01 price RGAGX                             143.49 USD
2021-10-01 price ITOT                              118.55 USD
2021-10-01 price VEA                               161.97 USD
2021-10-01 price VHT                               128.64 USD
2021-10-01 price GLD                                85.53 USD
2021-10-08 price VBMPX                              39.34 USD
2021-10-08 price RGAGX                             148.62 USD
2021-10-08 price ITOT                              119.63 USD
2021-10-08 price VEA                               163.41 USD
2021-10-08 price VHT                               130.03 USD
2021-10-08 price GLD                                85.18 USD
2021-10-15 price VBMPX                              39.03 USD
2021-10-15 price RGAGX                             152.45 USD
2021-10-15 price ITOT                              118.29 USD
2021-10-15 price VEA                               163.38 USD
2021-10-15 price VHT                               129.43 USD
2021-10-15 price GLD                                84.70 USD
2021-10-22 price VBMPX                              39.15 USD
2021-10-22 price RGAGX                             150.78 USD
2021-10-22 price ITOT                              117.66 USD
2021-10-22 price VEA                               164.09 USD
2021-10-22 price VHT                               129.75 USD
2021-10-22 price GLD                                85.74 USD
2021-10-29 price VBMPX                              39.64 USD
2021-10-29 price RGAGX                             148.48 USD
2021-10-29 price ITOT                              117.42 USD
2021-10-29 price VEA                               166.35 USD
2021-10-29 price VHT                               128.63 USD
2021-10-29 price GLD                                85.47 USD
2021-11-05 price VBMPX                              37.72 USD
2021-11-05 price RGAGX                             150.64 USD
2021-11-05 price ITOT                              119.03 USD
2021-11-05 price VEA                               171.11 USD
2021-11-05 price VHT                               129.25 USD
2021-11-05 price GLD                                84.95 USD
2021-11-12 price VBMPX                              37.60 USD
2021-11-12 price RGAGX                             150.82 USD
2021-11-12 price ITOT                              119.40 USD
2021-11-12 price VEA                               173.96 USD
2021-11-12 price VHT                               127.97 USD
2021-11-12 price GLD                                85.26 USD
2021-11-19 price VBMPX                              37.67 USD
2021-11-19 price RGAGX                             147.69 USD
2021-11-19 price ITOT                              120.18 USD
2021-11-19 price VEA                               176.96 USD
2021-11-19 price VHT                               128.04 USD
2021-11-19 price GLD                                85.43 USD
2021-11-26 price VBMPX                              37.72 USD
2021-11-26 price RGAGX                             146.21 USD
2021-11-26 price ITOT                              121.91 USD
2021-11-26 price VEA                               181.89 USD
2021-11-26 price VHT                               125.92 USD
2021-11-26 price GLD                                84.44 USD
2021-12-03 price VBMPX                              37.58 USD
2021-12-03 price RGAGX                             149.25 USD
2021-12-03 price ITOT                              122.75 USD
2021-12-03 price VEA                               183.31 USD
2021-12-03 price VHT                               125.71 USD
2021-12-03 price GLD                                84.23 USD
2021-12-10 price VBMPX                              37.84 USD
2021-12-10 price RGAGX                             146.58 USD
2021-12-10 price ITOT                              123.23 USD
2021-12-10 price VEA                               175.77 USD
2021-12-10 price VHT                               124.89 USD
2021-12-10 price GLD                                83.17 USD
2021-12-17 price VBMPX                              38.30 USD
2021-12-17 price RGAGX                             145.37 USD
2021-12-17 price ITOT                              121.80 USD
2021-12-17 price VEA                               177.36 USD
2021-12-17 price VHT                               124.51 USD
2021-12-17 price GLD                                83.34 USD
2021-12-24 price VBMPX                              38.54 USD
2021-12-24 price RGAGX                             151.01 USD
2021-12-24 price ITOT                              121.33 USD
2021-12-24 price VEA                               178.11 USD
2021-12-24 price VHT                               124.50 USD
2021-12-24 price GLD                                83.70 USD
2021-12-31 price VBMPX                              38.52 USD
2021-12-31 price RGAGX                             155.16 USD
2021-12-31 price ITOT                              122.85 USD
2021-12-31 price VEA                               178.45 USD
2021-12-31 price VHT                               122.97 USD
2021-12-31 price GLD                                82.89 USD
2022-01-07 price VBMPX                              38.59 USD
2022-01-07 price RGAGX                             151.26 USD
2022-01-07 price ITOT                              122.95 USD
2022-01-07 price VEA                               172.97 USD
2022-01-07 price VHT                               124.75 USD
2022-01-07 price GLD                                83.56 USD
2022-01-14 price VBMPX                              37.80 USD
2022-01-14 price RGAGX                             148.14 USD
2022-01-14 price ITOT                              123.87 USD
2022-01-14 price VEA                               170.52 USD
2022-01-14 price VHT                               125.20 USD
2022-01-14 price GLD                                81.14 USD
2022-01-21 price VBMPX                              38.05 USD
2022-01-21 price RGAGX                             147.75 USD
2022-01-21 price ITOT                              124.62 USD
2022-01-21 price VEA                               167.43 USD
2022-01-21 price VHT                               124.57 USD
2022-01-21 price GLD                                81.53 USD
2022-01-28 price VBMPX                              37.35 USD
2022-01-28 price RGAGX                             148.30 USD
2022-01-28 price ITOT                              123.30 USD
2022-01-28 price VEA                               173.01 USD
2022-01-28 price VHT                               123.51 USD
2022-01-28 price GLD                                82.02 USD
2022-02-04 price VBMPX                              37.23 USD
2022-02-04 price RGAGX                             151.53 USD
2022-02-04 price ITOT                              123.56 USD
2022-02-04 price VEA                               176.05 USD
2022-02-04 price VHT                               122.67 USD
2022-02-04 price GLD                                81.42 USD
2022-02-11 price VBMPX                              37.87 USD
2022-02-11 price RGAGX                             147.81 USD
2022-02-11 price ITOT                              123.23 USD
2022-02-11 price VEA                               178.90 USD
2022-02-11 price VHT                               123.86 USD
2022-02-11 price GLD                                82.66 USD
2022-02-18 price VBMPX                              38.05 USD
2022-02-18 price RGAGX                             151.57 USD
2022-02-18 price ITOT                              123.36 USD
2022-02-18 price VEA                               181.06 USD
2022-02-18 price VHT                               124.07 USD
2022-02-18 price GLD                                83.25 USD
2022-02-25 price VBMPX                              38.46 USD
2022-02-25 price RGAGX                             151.44 USD
2022-02-25 price ITOT                              120.71 USD
2022-02-25 price VEA                               184.86 USD
2022-02-25 price VHT                               120.64 USD
2022-02-25 price GLD                                83.73 USD
2022-03-04 price VBMPX                              38.66 USD
2022-03-04 price RGAGX                             152.40 USD
2022-03-04 price ITOT                              121.01 USD
2022-03-04 price VEA                               187.62 USD
2022-03-04 price VHT                               119.60 USD
2022-03-04 price GLD                                84.42 USD
2022-03-11 price VBMPX                              39.72 USD
2022-03-11 price RGAGX                             151.88 USD
2022-03-11 price ITOT                              120.65 USD
2022-03-11 price VEA                               186.69 USD
2022-03-11 price VHT                               118.21 USD
2022-03-11 price GLD                                84.70 USD
2022-03-18 price VBMPX                              40.77 USD
2022-03-18 price RGAGX                             145.99 USD
2022-03-18 price ITOT                              119.92 USD
2022-03-18 price VEA                               188.08 USD
2022-03-18 price VHT                               118.60 USD
2022-03-18 price GLD                                86.71 USD
2022-03-25 price VBMPX                              41.10 USD
2022-03-25 price RGAGX                             146.34 USD
2022-03-25 price ITOT                              118.77 USD
2022-03-25 price VEA                               187.98 USD
2022-03-25 price VHT                               120.39 USD
2022-03-25 price GLD                                86.36 USD
2022-04-01 price VBMPX                              41.41 USD
2022-04-01 price RGAGX                             147.08 USD
2022-04-01 price ITOT                              121.31 USD
2022-04-01 price VEA                               192.17 USD
2022-04-01 price VHT                               120.64 USD
2022-04-01 price GLD                                85.72 USD
2022-04-08 price VBMPX                              41.01 USD
2022-04-08 price RGAGX                             144.49 USD
2022-04-08 price ITOT                              121.87 USD
2022-04-08 price VEA                               190.02 USD
2022-04-08 price VHT                               119.45 USD
2022-04-08 price GLD                                86.56 USD
2022-04-15 price VBMPX                              41.61 USD
2022-04-15 price RGAGX                             143.51 USD
2022-04-15 price ITOT                              121.91 USD
2022-04-15 price VEA                               187.73 USD
2022-04-15 price VHT                               119.78 USD
2022-04-15 price GLD                                86.34 USD
2022-04-22 price VBMPX                              41.86 USD
2022-04-22 price RGAGX                             143.73 USD
2022-04-22 price ITOT                              122.54 USD
2022-04-22 price VEA                               190.87 USD
2022-04-22 price VHT                               121.01 USD
2022-04-22 price GLD                                85.67 USD
2022-04-29 price VBMPX                              41.23 USD
2022-04-29 price RGAGX                             140.10 USD
2022-04-29 price ITOT                              122.23 USD
2022-04-29 price VEA                               189.48 USD
2022-04-29 price VHT                               121.45 USD
2022-04-29 price GLD                                85.95 USD
2022-05-06 price VBMPX                              40.97 USD
2022-05-06 price RGAGX                             139.34 USD
2022-05-06 price ITOT                              121.15 USD
2022-05-06 price VEA                               192.95 USD
2022-05-06 price VHT                               120.99 USD
2022-05-06 price GLD                                85.26 USD
2022-05-13 price VBMPX                              40.35 USD
2022-05-13 price RGAGX                             135.30 USD
2022-05-13 price ITOT                              121.61 USD
2022-05-13 price VEA                               190.73 USD
2022-05-13 price VHT                               120.50 USD
2022-05-13 price GLD                                85.59 USD
2022-05-20 price VBMPX                              41.32 USD
2022-05-20 price RGAGX                             137.19 USD
2022-05-20 price ITOT                              120.22 USD
2022-05-20 price VEA                               190.88 USD
2022-05-20 price VHT                               121.09 USD
2022-05-20 price GLD                                86.16 USD
2022-05-27 price VBMPX                              41.23 USD
2022-05-27 price RGAGX                             138.94 USD
2022-05-27 price ITOT                              121.31 USD
2022-05-27 price VEA                               190.93 USD
2022-05-27 price VHT                               122.00 USD
2022-05-27 price GLD                                87.18 USD
2022-06-03 price VBMPX                              41.26 USD
2022-06-03 price RGAGX                             139.69 USD
2022-06-03 price ITOT                              122.65 USD
2022-06-03 price VEA                               187.59 USD
2022-06-03 price VHT                               123.25 USD
2022-06-03 price GLD                                88.22 USD
2022-06-10 price VBMPX                              41.62 USD
2022-06-10 price RGAGX                             143.07 USD
2022-06-10 price ITOT                              123.55 USD
2022-06-10 price VEA                               187.22 USD
2022-06-10 price VHT                               123.06 USD
2022-06-10 price GLD                                88.66 USD
2022-06-17 price VBMPX                              40.95 USD
2022-06-17 price RGAGX                             144.96 USD
2022-06-17 price ITOT                              122.63 USD
2022-06-17 price VEA                               185.51 USD
2022-06-17 price VHT                               122.54 USD
2022-06-17 price GLD                                88.81 USD
2022-06-24 price VBMPX                              40.72 USD
2022-06-24 price RGAGX                             139.31 USD
2022-06-24 price ITOT                              122.95 USD
2022-06-24 price VEA                               187.42 USD
2022-06-24 price VHT                               121.26 USD
2022-06-24 price GLD                                88.04 USD
2022-07-01 price VBMPX                              40.55 USD
2022-07-01 price RGAGX                             138.20 USD
2022-07-01 price ITOT                              124.57 USD
2022-07-01 price VEA                               191.10 USD
2022-07-01 price VHT                               120.30 USD
2022-07-01 price GLD                                87.60 USD
2022-07-08 price VBMPX                              40.45 USD
2022-07-08 price RGAGX                             135.49 USD
2022-07-08 price ITOT                              126.71 USD
2022-07-08 price VEA                               188.68 USD
2022-07-08 price VHT                               118.64 USD
2022-07-08 price GLD                                87.06 USD
2022-07-15 price VBMPX                              40.16 USD
2022-07-15 price RGAGX                             134.89 USD
2022-07-15 price ITOT                              127.74 USD
2022-07-15 price VEA                               190.67 USD
2022-07-15 price VHT                               117.97 USD
2022-07-15 price GLD                                88.35 USD
2022-07-22 price VBMPX                              39.53 USD
2022-07-22 price RGAGX                             135.43 USD
2022-07-22 price ITOT                              125.71 USD
2022-07-22 price VEA                               191.05 USD
2022-07-22 price VHT                               116.07 USD
2022-07-22 price GLD                                88.72 USD
2022-07-29 price VBMPX                              39.09 USD
2022-07-29 price RGAGX                             136.18 USD
2022-07-29 price ITOT                              126.11 USD
2022-07-29 price VEA                               192.38 USD
2022-07-29 price VHT                               117.85 USD
2022-07-29 price GLD                                88.58 USD
2022-08-05 price VBMPX                              39.09 USD
2022-08-05 price RGAGX                             138.40 USD
2022-08-05 price ITOT                              126.61 USD
2022-08-05 price VEA                               191.21 USD
2022-08-05 price VHT                               118.48 USD
2022-08-05 price GLD                                88.70 USD
2022-08-12 price VBMPX                              38.61 USD
2022-08-12 price RGAGX                             136.87 USD
2022-08-12 price ITOT                              129.36 USD
2022-08-12 price VEA                               188.32 USD
2022-08-12 price VHT                               118.79 USD
2022-08-12 price GLD                                88.74 USD
2022-08-19 price VBMPX                              38.34 USD
2022-08-19 price RGAGX                             136.86 USD
2022-08-19 price ITOT                              128.60 USD
2022-08-19 price VEA                               188.18 USD
2022-08-19 price VHT                               118.55 USD
2022-08-19 price GLD                                89.23 USD
2022-08-26 price VBMPX                              38.46 USD
2022-08-26 price RGAGX                             134.30 USD
2022-08-26 price ITOT                              129.59 USD
2022-08-26 price VEA                               190.33 USD
2022-08-26 price VHT                               117.23 USD
2022-08-26 price GLD                                90.03 USD
2022-09-02 price VBMPX                              37.98 USD
2022-09-02 price RGAGX                             135.66 USD
2022-09-02 price ITOT                              129.05 USD
2022-09-02 price VEA                               190.43 USD
2022-09-02 price VHT                               119.79 USD
2022-09-02 price GLD                                90.35 USD
2022-09-09 price VBMPX                              37.82 USD
2022-09-09 price RGAGX                             133.68 USD
2022-09-09 price ITOT                              128.39 USD
2022-09-09 price VEA                               186.68 USD
2022-09-09 price VHT                               118.50 USD
2022-09-09 price GLD                                90.14 USD
2022-09-16 price VBMPX                              37.64 USD
2022-09-16 price RGAGX                             130.61 USD
2022-09-16 price ITOT                              129.31 USD
2022-09-16 price VEA                               185.97 USD
2022-09-16 price VHT                               119.92 USD
2022-09-16 price GLD                                90.05 USD
2022-09-23 price VBMPX                              37.03 USD
2022-09-23 price RGAGX                             127.49 USD
2022-09-23 price ITOT                              131.47 USD
2022-09-23 price VEA                               189.43 USD
2022-09-23 price VHT                               119.49 USD
2022-09-23 price GLD                                90.09 USD
2022-09-30 price VBMPX                              36.71 USD
2022-09-30 price RGAGX                             128.50 USD
2022-09-30 price ITOT                              132.16 USD
2022-09-30 price VEA                               186.44 USD
2022-09-30 price VHT                               121.04 USD
2022-09-30 price GLD                                89.99 USD
2022-10-07 price VBMPX                              36.88 USD
2022-10-07 price RGAGX                             129.47 USD
2022-10-07 price ITOT                              134.66 USD
2022-10-07 price VEA                               191.39 USD
2022-10-07 price VHT                               121.40 USD
2022-10-07 price GLD                                89.69 USD
2022-10-14 price VBMPX                              37.07 USD
2022-10-14 price RGAGX                             128.59 USD
2022-10-14 price ITOT                              134.65 USD
2022-10-14 price VEA                               190.95 USD
2022-10-14 price VHT                               121.88 USD
2022-10-14 price GLD                                90.19 USD
2022-10-21 price VBMPX                              36.99 USD
2022-10-21 price RGAGX                             126.88 USD
2022-10-21 price ITOT                              134.32 USD
2022-10-21 price VEA                               191.33 USD
2022-10-21 price VHT                               122.60 USD
2022-10-21 price GLD                                90.77 USD
2022-10-28 price VBMPX                              37.13 USD
2022-10-28 price RGAGX                             127.58 USD
2022-10-28 price ITOT                              132.69 USD
2022-10-28 price VEA                               186.12 USD
2022-10-28 price VHT                               121.75 USD
2022-10-28 price GLD                                92.00 USD
2022-11-04 price VBMPX                              36.92 USD
2022-11-04 price RGAGX                             128.76 USD
2022-11-04 price ITOT                              134.29 USD
2022-11-04 price VEA                               182.38 USD
2022-11-04 price VHT                               121.21 USD
2022-11-04 price GLD                                92.27 USD
2022-11-11 price VBMPX                              37.00 USD
2022-11-11 price RGAGX                             128.77 USD
2022-11-11 price ITOT                              132.70 USD
2022-11-11 price VEA                               184.56 USD
2022-11-11 price VHT                               120.46 USD
2022-11-11 price GLD                                91.64 USD
2022-11-18 price VBMPX                              37.56 USD
2022-11-18 price RGAGX                             128.27 USD
2022-11-18 price ITOT                              132.44 USD
2022-11-18 price VEA                               189.21 USD
2022-11-18 price VHT                               120.31 USD
2022-11-18 price GLD                                92.57 USD
2022-11-25 price VBMPX                              37.78 USD
2022-11-25 price RGAGX                             127.89 USD
2022-11-25 price ITOT                              132.52 USD
2022-11-25 price VEA                               187.02 USD
2022-11-25 price VHT                               118.87 USD
2022-11-25 price GLD                                92.57 USD
2022-12-02 price VBMPX                              37.93 USD
2022-12-02 price RGAGX                             127.75 USD
2022-12-02 price ITOT                              131.49 USD
2022-12-02 price VEA                               186.43 USD
2022-12-02 price VHT                               119.88 USD
2022-12-02 price GLD                                92.47 USD
2022-12-09 price VBMPX                              38.05 USD
2022-12-09 price RGAGX                             127.72 USD
2022-12-09 price ITOT                              131.89 USD
2022-12-09 price VEA                               184.92 USD
2022-12-09 price VHT                               119.68 USD
2022-12-09 price GLD                                92.50 USD
2022-12-16 price VBMPX                              38.13 USD
2022-12-16 price RGAGX                             125.52 USD
2022-12-16 price ITOT                              133.92 USD
2022-12-16 price VEA                               184.43 USD
2022-12-16 price VHT                               119.10 USD
2022-12-16 price GLD                                93.72 USD
2022-12-23 price VBMPX                              38.55 USD
2022-12-23 price RGAGX                             127.79 USD
2022-12-23 price ITOT                              134.91 USD
2022-12-23 price VEA                               186.26 USD
2022-12-23 price VHT                               120.13 USD
2022-12-23 price GLD                                93.66 USD
2022-12-30 price VBMPX                              39.30 USD
2022-12-30 price RGAGX                             129.79 USD
2022-12-30 price ITOT                              134.43 USD
2022-12-30 price VEA                               182.26 USD
2022-12-30 price VHT                               118.94 USD
2022-12-30 price GLD                                94.40 USD
2023-01-06 price VBMPX                              39.10 USD
2023-01-06 price RGAGX                             126.85 USD
2023-01-06 price ITOT                              136.81 USD
2023-01-06 price VEA                               184.64 USD
2023-01-06 price VHT                               119.90 USD
2023-01-06 price GLD                                95.27 USD
2023-01-13 price VBMPX                              39.23 USD
2023-01-13 price RGAGX                             128.53 USD
2023-01-13 price ITOT                              135.57 USD
2023-01-13 price VEA                               179.52 USD
2023-01-13 price VHT                               120.07 USD
2023-01-13 price GLD                                94.30 USD
2023-01-20 price VBMPX                              39.68 USD
2023-01-20 price RGAGX                             129.77 USD
2023-01-20 price ITOT                              138.83 USD
2023-01-20 price VEA                               179.20 USD
2023-01-20 price VHT                               118.73 USD
2023-01-20 price GLD                                93.89 USD
2023-01-27 price VBMPX                              40.15 USD
2023-01-27 price RGAGX                             126.91 USD
2023-01-27 price ITOT                              139.14 USD
2023-01-27 price VEA                               180.00 USD
2023-01-27 price VHT                               118.36 USD
2023-01-27 price GLD                                95.68 USD
2023-02-03 price VBMPX                              39.53 USD
2023-02-03 price RGAGX                             128.76 USD
2023-02-03 price ITOT                              139.87 USD
2023-02-03 price VEA                               182.38 USD
2023-02-03 price VHT                               119.32 USD
2023-02-03 price GLD                                95.24 USD
2023-02-10 price VBMPX                              39.92 USD
2023-02-10 price RGAGX                             128.80 USD
2023-02-10 price ITOT                              140.15 USD
2023-02-10 price VEA                               178.54 USD
2023-02-10 price VHT                               119.51 USD
2023-02-10 price GLD                                94.83 USD
2023-02-17 price VBMPX                              39.62 USD
2023-02-17 price RGAGX                             128.46 USD
2023-02-17 price ITOT                              140.52 USD
2023-02-17 price VEA                               182.32 USD
2023-02-17 price VHT                               121.14 USD
2023-02-17 price GLD                                95.73 USD
2023-02-24 price VBMPX                              38.66 USD
2023-02-24 price RGAGX                             125.50 USD
2023-02-24 price ITOT                              141.20 USD
2023-02-24 price VEA                               182.30 USD
2023-02-24 price VHT                               119.69 USD
2023-02-24 price GLD                                95.56 USD
2023-03-03 price VBMPX                              38.60 USD
2023-03-03 price RGAGX                             125.14 USD
2023-03-03 price ITOT                              141.75 USD
2023-03-03 price VEA                               184.60 USD
2023-03-03 price VHT                               121.68 USD
2023-03-03 price GLD                                96.03 USD
2023-03-10 price VBMPX                              39.40 USD
2023-03-10 price RGAGX                             127.19 USD
2023-03-10 price ITOT                              142.81 USD
2023-03-10 price VEA                               179.03 USD
2023-03-10 price VHT                               122.44 USD
2023-03-10 price GLD                                95.90 USD
2023-03-17 price VBMPX                              39.59 USD
2023-03-17 price RGAGX                             127.67 USD
2023-03-17 price ITOT                              143.38 USD
2023-03-17 price VEA                               178.17 USD
2023-03-17 price VHT                               121.40 USD
2023-03-17 price GLD                                96.70 USD
2023-03-24 price VBMPX                              39.29 USD
2023-03-24 price RGAGX                             125.82 USD
2023-03-24 price ITOT                              143.48 USD
2023-03-24 price VEA                               173.63 USD
2023-03-24 price VHT                               123.28 USD
2023-03-24 price GLD                                98.04 USD
2023-03-31 price VBMPX                              38.97 USD
2023-03-31 price RGAGX                             127.06 USD
2023-03-31 price ITOT                              145.61 USD
2023-03-31 price VEA                               175.83 USD
2023-03-31 price VHT                               122.76 USD
2023-03-31 price GLD                                99.11 USD
2023-04-07 price VBMPX                              39.75 USD
2023-04-07 price RGAGX                             122.70 USD
2023-04-07 price ITOT                              145.67 USD
2023-04-07 price VEA                               176.67 USD
2023-04-07 price VHT                               124.76 USD
2023-04-07 price GLD                               100.22 USD
2023-04-14 price VBMPX                              39.27 USD
2023-04-14 price RGAGX                             121.95 USD
2023-04-14 price ITOT                              144.96 USD
2023-04-14 price VEA                               173.89 USD
2023-04-14 price VHT                               125.75 USD
2023-04-14 price GLD                                99.83 USD
2023-04-21 price VBMPX                              39.46 USD
2023-04-21 price RGAGX                             122.38 USD
2023-04-21 price ITOT                              143.08 USD
2023-04-21 price VEA                               172.13 USD
2023-04-21 price VHT                               125.64 USD
2023-04-21 price GLD                                98.78 USD
2023-04-28 price VBMPX                              39.75 USD
2023-04-28 price RGAGX                             124.27 USD
2023-04-28 price ITOT                              142.98 USD
2023-04-28 price VEA                               173.22 USD
2023-04-28 price VHT                               126.11 USD
2023-04-28 price GLD                               100.02 USD
2023-05-05 price VBMPX                              39.51 USD
2023-05-05 price RGAGX                             121.22 USD
2023-05-05 price ITOT                              141.38 USD
2023-05-05 price VEA                               175.88 USD
2023-05-05 price VHT                               126.82 USD
2023-05-05 price GLD                                99.90 USD
2023-05-12 price VBMPX                              39.79 USD
2023-05-12 price RGAGX                             118.48 USD
2023-05-12 price ITOT                              143.30 USD
2023-05-12 price VEA                               169.61 USD
2023-05-12 price VHT                               126.50 USD
2023-05-12 price GLD                                99.81 USD
2023-05-19 price VBMPX                              39.99 USD
2023-05-19 price RGAGX                             118.47 USD
2023-05-19 price ITOT                              142.48 USD
2023-05-19 price VEA                               168.66 USD
2023-05-19 price VHT                               127.94 USD
2023-05-19 price GLD                                98.68 USD
2023-05-26 price VBMPX                              39.52 USD
2023-05-26 price RGAGX                             118.18 USD
2023-05-26 price ITOT                              142.47 USD
2023-05-26 price VEA                               170.52 USD
2023-05-26 price VHT                               127.75 USD
2023-05-26 price GLD                                98.88 USD
2023-06-02 price VBMPX                              38.97 USD
2023-06-02 price RGAGX                             119.84 USD
2023-06-02 price ITOT                              142.73 USD
2023-06-02 price VEA                               166.42 USD
2023-06-02 price VHT                               127.25 USD
2023-06-02 price GLD                                99.69 USD
2023-06-09 price VBMPX                              39.41 USD
2023-06-09 price RGAGX                             122.01 USD
2023-06-09 price ITOT                              141.01 USD
2023-06-09 price VEA                               162.07 USD
2023-06-09 price VHT                               128.03 USD
2023-06-09 price GLD                               100.58 USD
2023-06-16 price VBMPX                              39.50 USD
2023-06-16 price RGAGX                             120.36 USD
2023-06-16 price ITOT                              142.04 USD
2023-06-16 price VEA                               165.06 USD
2023-06-16 price VHT                               129.61 USD
2023-06-16 price GLD                               101.41 USD
2023-06-23 price VBMPX                              39.47 USD
2023-06-23 price RGAGX                             120.86 USD
2023-06-23 price ITOT                              142.99 USD
2023-06-23 price VEA                               166.20 USD
2023-06-23 price VHT                               130.74 USD
2023-06-23 price GLD                               101.94 USD
2023-06-30 price VBMPX                              37.79 USD
2023-06-30 price RGAGX                             122.61 USD
2023-06-30 price ITOT                              142.80 USD
2023-06-30 price VEA                               168.20 USD
2023-06-30 price VHT                               130.06 USD
2023-06-30 price GLD                               102.84 USD
2023-07-07 price VBMPX                              38.20 USD
2023-07-07 price RGAGX                             120.58 USD
2023-07-07 price ITOT                              143.30 USD
2023-07-07 price VEA                               171.93 USD
2023-07-07 price VHT                               131.82 USD
2023-07-07 price GLD                               102.60 USD
2023-07-14 price VBMPX                              38.40 USD
2023-07-14 price RGAGX                             121.88 USD
2023-07-14 price ITOT                              143.47 USD
2023-07-14 price VEA                               168.15 USD
2023-07-14 price VHT                               133.16 USD
2023-07-14 price GLD                               101.27 USD
2023-07-21 price VBMPX                              39.21 USD
2023-07-21 price RGAGX                             119.27 USD
2023-07-21 price ITOT                              143.17 USD
2023-07-21 price VEA                               167.87 USD
2023-07-21 price VHT                               132.95 USD
2023-07-21 price GLD                               101.63 USD
2023-07-28 price VBMPX                              39.28 USD
2023-07-28 price RGAGX                             121.12 USD
2023-07-28 price ITOT                              145.88 USD
2023-07-28 price VEA                               170.97 USD
2023-07-28 price VHT                               134.08 USD
2023-07-28 price GLD                               101.12 USD
2023-08-04 price VBMPX                              39.59 USD
2023-08-04 price RGAGX                             121.47 USD
2023-08-04 price ITOT                              147.42 USD
2023-08-04 price VEA                               173.41 USD
2023-08-04 price VHT                               133.33 USD
2023-08-04 price GLD                               102.29 USD
2023-08-11 price VBMPX                              39.24 USD
2023-08-11 price RGAGX                             120.23 USD
2023-08-11 price ITOT                              147.62 USD
2023-08-11 price VEA                               174.68 USD
2023-08-11 price VHT                               134.43 USD
2023-08-11 price GLD                               102.36 USD
2023-08-18 price VBMPX                              39.36 USD
2023-08-18 price RGAGX                             120.48 USD
2023-08-18 price ITOT                              148.51 USD
2023-08-18 price VEA                               178.78 USD
2023-08-18 price VHT                               133.05 USD
2023-08-18 price GLD                               103.06 USD



* Cash

