;; -*- mode: org; mode: beancount; -*-
;; Birth: 1980-05-12
;; Dates: 2021-01-01 - 2023-08-23
;; THIS FILE HAS BEEN AUTO-GENERATED.
* Options

option "title" "Example Beancount file"
option "operating_currency" "USD"




* Commodities


1792-01-01 commodity USD
  export: "CASH"
  name: "US Dollar"

1900-01-01 commodity VMMXX
  export: "MUTF:VMMXX (MONEY:USD)"

1980-05-12 commodity VACHR
  export: "IGNORE"
  name: "Employer Vacation Hours"

1980-05-12 commodity IRAUSD
  export: "IGNORE"
  name: "US 401k and IRA Contributions"

1995-09-18 commodity VBMPX
  export: "MUTF:VBMPX"
  name: "Vanguard Total Bond Market Index Fund Institutional Plus Shares"
  price: "USD:google/MUTF:VBMPX"

2004-01-20 commodity ITOT
  export: "NYSEARCA:ITOT"
  name: "iShares Core S&P Total U.S. Stock Market ETF"
  price: "USD:google/NYSEARCA:ITOT"

2004-01-26 commodity VHT
  export: "NYSEARCA:VHT"
  name: "Vanguard Health Care ETF"
  price: "USD:google/NYSEARCA:VHT"

2004-11-01 commodity GLD
  export: "NYSEARCA:GLD"
  name: "SPDR Gold Trust (ETF)"
  price: "USD:google/NYSEARCA:GLD"

2007-07-20 commodity VEA
  export: "NYSEARCA:VEA"
  name: "Vanguard FTSE Developed Markets ETF"
  price: "USD:google/NYSEARCA:VEA"

2009-05-01 commodity RGAGX
  export: "MUTF:RGAGX"
  name: "American Funds The Growth Fund of America Class R-6"
  price: "USD:google/MUTF:RGAGX"



* Equity Accounts

1980-05-12 open Equity:Opening-Balances
1980-05-12 open Liabilities:AccountsPayable



* Banking

2021-01-01 open Assets:US:BofA
  address: "123 America Street, LargeTown, USA"
  institution: "Bank of America"
  phone: "+1.012.345.6789"
2021-01-01 open Assets:US:BofA:Checking                        USD
  account: "00234-48574897"

2021-01-01 * "Opening Balance for checking account"
  Assets:US:BofA:Checking                         4268.57 USD
  Equity:Opening-Balances                        -4268.57 USD

2021-01-02 balance Assets:US:BofA:Checking        4268.57 USD

2021-01-03 * "RiverBank Properties" "Paying the rent"
  Assets:US:BofA:Checking                        -2400.00 USD
  Expenses:Home:Rent                              2400.00 USD

2021-01-04 * "BANK FEES" "Monthly bank fee"
  Assets:US:BofA:Checking                           -4.00 USD
  Expenses:Financial:Fees                            4.00 USD

2021-01-09 * "EDISON POWER" ""
  Assets:US:BofA:Checking                          -65.00 USD
  Expenses:Home:Electricity                         65.00 USD

2021-01-20 * "Verizon Wireless" ""
  Assets:US:BofA:Checking                          -49.23 USD
  Expenses:Home:Phone                               49.23 USD

2021-01-21 * "Wine-Tarner Cable" ""
  Assets:US:BofA:Checking                          -79.85 USD
  Expenses:Home:Internet                            79.85 USD

2021-01-31 balance Assets:US:BofA:Checking        4261.21 USD

2021-02-04 * "BANK FEES" "Monthly bank fee"
  Assets:US:BofA:Checking                           -4.00 USD
  Expenses:Financial:Fees                            4.00 USD

2021-02-06 * "RiverBank Properties" "Paying the rent"
  Assets:US:BofA:Checking                        -2400.00 USD
  Expenses:Home:Rent                              2400.00 USD

2021-02-09 * "EDISON POWER" ""
  Assets:US:BofA:Checking                          -65.00 USD
  Expenses:Home:Electricity                         65.00 USD

2021-02-18 * "Verizon Wireless" ""
  Assets:US:BofA:Checking                          -52.03 USD
  Expenses:Home:Phone                               52.03 USD

2021-02-21 * "Wine-Tarner Cable" ""
  Assets:US:BofA:Checking                          -80.03 USD
  Expenses:Home:Internet                            80.03 USD

2021-02-28 balance Assets:US:BofA:Checking        3559.95 USD

2021-03-04 * "BANK FEES" "Monthly bank fee"
  Assets:US:BofA:Checking                           -4.00 USD
  Expenses:Financial:Fees                            4.00 USD

2021-03-04 * "RiverBank Properties" "Paying the rent"
  Assets:US:BofA:Checking                        -2400.00 USD
  Expenses:Home:Rent                              2400.00 USD

2021-03-08 * "EDISON POWER" ""
  Assets:US:BofA:Checking                          -65.00 USD
  Expenses:Home:Electricity                         65.00 USD

2021-03-20 * "Verizon Wireless" ""
  Assets:US:BofA:Checking                          -57.71 USD
  Expenses:Home:Phone                               57.71 USD

2021-03-22 * "Wine-Tarner Cable" ""
  Assets:US:BofA:Checking                          -80.14 USD
  Expenses:Home:Internet                            80.14 USD

2021-03-29 balance Assets:US:BofA:Checking        3026.71 USD

2021-04-04 * "BANK FEES" "Monthly bank fee"
  Assets:US:BofA:Checking                           -4.00 USD
  Expenses:Financial:Fees                            4.00 USD

2021-04-04 * "RiverBank Properties" "Paying the rent"
  Assets:US:BofA:Checking                        -2400.00 USD
  Expenses:Home:Rent                              2400.00 USD

2021-04-09 * "EDISON POWER" ""
  Assets:US:BofA:Checking                          -65.00 USD
  Expenses:Home:Electricity                         65.00 USD

2021-04-20 * "Verizon Wireless" ""
  Assets:US:BofA:Checking                          -60.46 USD
  Expenses:Home:Phone                               60.46 USD

2021-04-23 balance Assets:US:BofA:Checking        2455.04 USD

2021-04-23 * "Wine-Tarner Cable" ""
  Assets:US:BofA:Checking                          -80.09 USD
  Expenses:Home:Internet                            80.09 USD

2021-05-03 * "RiverBank Properties" "Paying the rent"
  Assets:US:BofA:Checking                        -2400.00 USD
  Expenses:Home:Rent                              2400.00 USD

2021-05-04 * "BANK FEES" "Monthly bank fee"
  Assets:US:BofA:Checking                           -4.00 USD
  Expenses:Financial:Fees                            4.00 USD

2021-05-09 * "EDISON POWER" ""
  Assets:US:BofA:Checking                          -65.00 USD
  Expenses:Home:Electricity                         65.00 USD

2021-05-16 balance Assets:US:BofA:Checking        2045.57 USD

2021-05-20 * "Verizon Wireless" ""
  Assets:US:BofA:Checking                          -68.86 USD
  Expenses:Home:Phone                               68.86 USD

2021-05-22 * "Wine-Tarner Cable" ""
  Assets:US:BofA:Checking                          -80.04 USD
  Expenses:Home:Internet                            80.04 USD

2021-06-04 * "BANK FEES" "Monthly bank fee"
  Assets:US:BofA:Checking                           -4.00 USD
  Expenses:Financial:Fees                            4.00 USD

2021-06-04 * "RiverBank Properties" "Paying the rent"
  Assets:US:BofA:Checking                        -2400.00 USD
  Expenses:Home:Rent                              2400.00 USD

2021-06-08 * "EDISON POWER" ""
  Assets:US:BofA:Checking                          -65.00 USD
  Expenses:Home:Electricity                         65.00 USD

2021-06-15 balance Assets:US:BofA:Checking        1350.60 USD

2021-06-20 * "Verizon Wireless" ""
  Assets:US:BofA:Checking                          -52.98 USD
  Expenses:Home:Phone                               52.98 USD

2021-06-22 * "Wine-Tarner Cable" ""
  Assets:US:BofA:Checking                          -79.96 USD
  Expenses:Home:Internet                            79.96 USD

2021-07-03 * "RiverBank Properties" "Paying the rent"
  Assets:US:BofA:Checking                        -2400.00 USD
  Expenses:Home:Rent                              2400.00 USD

2021-07-04 * "BANK FEES" "Monthly bank fee"
  Assets:US:BofA:Checking                           -4.00 USD
  Expenses:Financial:Fees                            4.00 USD

2021-07-08 * "EDISON POWER" ""
  Assets:US:BofA:Checking                          -65.00 USD
  Expenses:Home:Electricity                         65.00 USD

2021-07-12 balance Assets:US:BofA:Checking        1084.00 USD

2021-07-20 * "Verizon Wireless" ""
  Assets:US:BofA:Checking                          -60.54 USD
  Expenses:Home:Phone                               60.54 USD

2021-07-22 * "Wine-Tarner Cable" ""
  Assets:US:BofA:Checking                          -79.99 USD
  Expenses:Home:Internet                            79.99 USD

2021-08-04 * "BANK FEES" "Monthly bank fee"
  Assets:US:BofA:Checking                           -4.00 USD
  Expenses:Financial:Fees                            4.00 USD

2021-08-05 * "RiverBank Properties" "Paying the rent"
  Assets:US:BofA:Checking                        -2400.00 USD
  Expenses:Home:Rent                              2400.00 USD

2021-08-08 balance Assets:US:BofA:Checking        1940.67 USD

2021-08-09 * "EDISON POWER" ""
  Assets:US:BofA:Checking                          -65.00 USD
  Expenses:Home:Electricity                         65.00 USD

2021-08-19 * "Verizon Wireless" ""
  Assets:US:BofA:Checking                          -72.04 USD
  Expenses:Home:Phone                               72.04 USD

2021-08-22 * "Wine-Tarner Cable" ""
  Assets:US:BofA:Checking                          -79.93 USD
  Expenses:Home:Internet                            79.93 USD

2021-08-31 balance Assets:US:BofA:Checking        3568.22 USD

2021-09-04 * "BANK FEES" "Monthly bank fee"
  Assets:US:BofA:Checking                           -4.00 USD
  Expenses:Financial:Fees                            4.00 USD

2021-09-05 * "RiverBank Properties" "Paying the rent"
  Assets:US:BofA:Checking                        -2400.00 USD
  Expenses:Home:Rent                              2400.00 USD

2021-09-09 * "EDISON POWER" ""
  Assets:US:BofA:Checking                          -65.00 USD
  Expenses:Home:Electricity                         65.00 USD

2021-09-17 * "Transfering accumulated savings to other account"
  Assets:US:BofA:Checking                           -4500 USD
  Assets:US:ETrade:Cash                              4500 USD

2021-09-20 * "Verizon Wireless" ""
  Assets:US:BofA:Checking                          -36.47 USD
  Expenses:Home:Phone                               36.47 USD

2021-09-22 * "Wine-Tarner Cable" ""
  Assets:US:BofA:Checking                          -79.88 USD
  Expenses:Home:Internet                            79.88 USD

2021-09-29 balance Assets:US:BofA:Checking         844.29 USD

2021-10-04 * "BANK FEES" "Monthly bank fee"
  Assets:US:BofA:Checking                           -4.00 USD
  Expenses:Financial:Fees                            4.00 USD

2021-10-04 * "RiverBank Properties" "Paying the rent"
  Assets:US:BofA:Checking                        -2400.00 USD
  Expenses:Home:Rent                              2400.00 USD

2021-10-09 * "EDISON POWER" ""
  Assets:US:BofA:Checking                          -65.00 USD
  Expenses:Home:Electricity                         65.00 USD

2021-10-19 * "Verizon Wireless" ""
  Assets:US:BofA:Checking                          -30.11 USD
  Expenses:Home:Phone                               30.11 USD

2021-10-21 * "Wine-Tarner Cable" ""
  Assets:US:BofA:Checking                          -80.05 USD
  Expenses:Home:Internet                            80.05 USD

2021-10-28 balance Assets:US:BofA:Checking        2823.49 USD

2021-11-04 * "BANK FEES" "Monthly bank fee"
  Assets:US:BofA:Checking                           -4.00 USD
  Expenses:Financial:Fees                            4.00 USD

2021-11-04 * "RiverBank Properties" "Paying the rent"
  Assets:US:BofA:Checking                        -2400.00 USD
  Expenses:Home:Rent                              2400.00 USD

2021-11-09 * "EDISON POWER" ""
  Assets:US:BofA:Checking                          -65.00 USD
  Expenses:Home:Electricity                         65.00 USD

2021-11-12 * "Transfering accumulated savings to other account"
  Assets:US:BofA:Checking                           -3000 USD
  Assets:US:ETrade:Cash                              3000 USD

2021-11-19 balance Assets:US:BofA:Checking        1643.49 USD

2021-11-19 * "Verizon Wireless" ""
  Assets:US:BofA:Checking                          -41.04 USD
  Expenses:Home:Phone                               41.04 USD

2021-11-21 * "Wine-Tarner Cable" ""
  Assets:US:BofA:Checking                          -79.84 USD
  Expenses:Home:Internet                            79.84 USD

2021-12-04 * "BANK FEES" "Monthly bank fee"
  Assets:US:BofA:Checking                           -4.00 USD
  Expenses:Financial:Fees                            4.00 USD

2021-12-06 * "RiverBank Properties" "Paying the rent"
  Assets:US:BofA:Checking                        -2400.00 USD
  Expenses:Home:Rent                              2400.00 USD

2021-12-09 * "EDISON POWER" ""
  Assets:US:BofA:Checking                          -65.00 USD
  Expenses:Home:Electricity                         65.00 USD

2021-12-16 balance Assets:US:BofA:Checking        3619.89 USD

2021-12-18 * "Verizon Wireless" ""
  Assets:US:BofA:Checking                          -73.19 USD
  Expenses:Home:Phone                               73.19 USD

2021-12-23 * "Wine-Tarner Cable" ""
  Assets:US:BofA:Checking                          -80.05 USD
  Expenses:Home:Internet                            80.05 USD

2022-01-04 * "BANK FEES" "Monthly bank fee"
  Assets:US:BofA:Checking                           -4.00 USD
  Expenses:Financial:Fees                            4.00 USD

2022-01-05 * "RiverBank Properties" "Paying the rent"
  Assets:US:BofA:Checking                        -2400.00 USD
  Expenses:Home:Rent                              2400.00 USD

2022-01-08 * "EDISON POWER" ""
  Assets:US:BofA:Checking                          -65.00 USD
  Expenses:Home:Electricity                         65.00 USD

2022-01-14 balance Assets:US:BofA:Checking        4439.27 USD

2022-01-18 * "Verizon Wireless" ""
  Assets:US:BofA:Checking                          -57.16 USD
  Expenses:Home:Phone                               57.16 USD

2022-01-21 * "Wine-Tarner Cable" ""
  Assets:US:BofA:Checking                          -80.00 USD
  Expenses:Home:Internet                            80.00 USD

2022-02-04 * "BANK FEES" "Monthly bank fee"
  Assets:US:BofA:Checking                           -4.00 USD
  Expenses:Financial:Fees                            4.00 USD

2022-02-04 * "RiverBank Properties" "Paying the rent"
  Assets:US:BofA:Checking                        -2400.00 USD
  Expenses:Home:Rent                              2400.00 USD

2022-02-08 balance Assets:US:BofA:Checking        4599.31 USD

2022-02-08 * "EDISON POWER" ""
  Assets:US:BofA:Checking                          -65.00 USD
  Expenses:Home:Electricity                         65.00 USD

2022-02-20 * "Verizon Wireless" ""
  Assets:US:BofA:Checking                          -61.25 USD
  Expenses:Home:Phone                               61.25 USD

2022-02-22 * "Wine-Tarner Cable" ""
  Assets:US:BofA:Checking                          -80.03 USD
  Expenses:Home:Internet                            80.03 USD

2022-03-04 balance Assets:US:BofA:Checking        6502.28 USD

2022-03-04 * "BANK FEES" "Monthly bank fee"
  Assets:US:BofA:Checking                           -4.00 USD
  Expenses:Financial:Fees                            4.00 USD

2022-03-06 * "RiverBank Properties" "Paying the rent"
  Assets:US:BofA:Checking                        -2400.00 USD
  Expenses:Home:Rent                              2400.00 USD

2022-03-09 * "EDISON POWER" ""
  Assets:US:BofA:Checking                          -65.00 USD
  Expenses:Home:Electricity                         65.00 USD

2022-03-20 * "Verizon Wireless" ""
  Assets:US:BofA:Checking                          -48.86 USD
  Expenses:Home:Phone                               48.86 USD

2022-03-22 * "Wine-Tarner Cable" ""
  Assets:US:BofA:Checking                          -79.97 USD
  Expenses:Home:Internet                            79.97 USD

2022-03-27 balance Assets:US:BofA:Checking        4679.49 USD

2022-04-03 * "RiverBank Properties" "Paying the rent"
  Assets:US:BofA:Checking                        -2400.00 USD
  Expenses:Home:Rent                              2400.00 USD

2022-04-04 * "BANK FEES" "Monthly bank fee"
  Assets:US:BofA:Checking                           -4.00 USD
  Expenses:Financial:Fees                            4.00 USD

2022-04-08 * "EDISON POWER" ""
  Assets:US:BofA:Checking                          -65.00 USD
  Expenses:Home:Electricity                         65.00 USD

2022-04-18 * "Verizon Wireless" ""
  Assets:US:BofA:Checking                          -55.57 USD
  Expenses:Home:Phone                               55.57 USD

2022-04-19 balance Assets:US:BofA:Checking        2981.69 USD

2022-04-22 * "Wine-Tarner Cable" ""
  Assets:US:BofA:Checking                          -80.19 USD
  Expenses:Home:Internet                            80.19 USD

2022-05-04 * "BANK FEES" "Monthly bank fee"
  Assets:US:BofA:Checking                           -4.00 USD
  Expenses:Financial:Fees                            4.00 USD

2022-05-04 * "RiverBank Properties" "Paying the rent"
  Assets:US:BofA:Checking                        -2400.00 USD
  Expenses:Home:Rent                              2400.00 USD

2022-05-09 * "EDISON POWER" ""
  Assets:US:BofA:Checking                          -65.00 USD
  Expenses:Home:Electricity                         65.00 USD

2022-05-17 balance Assets:US:BofA:Checking        2615.71 USD

2022-05-20 * "Verizon Wireless" ""
  Assets:US:BofA:Checking                          -73.45 USD
  Expenses:Home:Phone                               73.45 USD

2022-05-22 * "Wine-Tarner Cable" ""
  Assets:US:BofA:Checking                          -79.85 USD
  Expenses:Home:Internet                            79.85 USD

2022-06-03 * "RiverBank Properties" "Paying the rent"
  Assets:US:BofA:Checking                        -2400.00 USD
  Expenses:Home:Rent                              2400.00 USD

2022-06-04 * "BANK FEES" "Monthly bank fee"
  Assets:US:BofA:Checking                           -4.00 USD
  Expenses:Financial:Fees                            4.00 USD

2022-06-08 * "EDISON POWER" ""
  Assets:US:BofA:Checking                          -65.00 USD
  Expenses:Home:Electricity                         65.00 USD

2022-06-12 balance Assets:US:BofA:Checking        2035.08 USD

2022-06-18 * "Verizon Wireless" ""
  Assets:US:BofA:Checking                          -63.96 USD
  Expenses:Home:Phone                               63.96 USD

2022-06-21 * "Wine-Tarner Cable" ""
  Assets:US:BofA:Checking                          -79.79 USD
  Expenses:Home:Internet                            79.79 USD

2022-07-04 * "BANK FEES" "Monthly bank fee"
  Assets:US:BofA:Checking                           -4.00 USD
  Expenses:Financial:Fees                            4.00 USD

2022-07-05 * "RiverBank Properties" "Paying the rent"
  Assets:US:BofA:Checking                        -2400.00 USD
  Expenses:Home:Rent                              2400.00 USD

2022-07-08 * "EDISON POWER" ""
  Assets:US:BofA:Checking                          -65.00 USD
  Expenses:Home:Electricity                         65.00 USD

2022-07-11 balance Assets:US:BofA:Checking        1523.88 USD

2022-07-19 * "Verizon Wireless" ""
  Assets:US:BofA:Checking                          -72.57 USD
  Expenses:Home:Phone                               72.57 USD

2022-07-23 * "Wine-Tarner Cable" ""
  Assets:US:BofA:Checking                          -80.02 USD
  Expenses:Home:Internet                            80.02 USD

2022-08-01 balance Assets:US:BofA:Checking        2721.89 USD

2022-08-04 * "BANK FEES" "Monthly bank fee"
  Assets:US:BofA:Checking                           -4.00 USD
  Expenses:Financial:Fees                            4.00 USD

2022-08-04 * "RiverBank Properties" "Paying the rent"
  Assets:US:BofA:Checking                        -2400.00 USD
  Expenses:Home:Rent                              2400.00 USD

2022-08-08 * "EDISON POWER" ""
  Assets:US:BofA:Checking                          -65.00 USD
  Expenses:Home:Electricity                         65.00 USD

2022-08-19 * "Verizon Wireless" ""
  Assets:US:BofA:Checking                          -59.75 USD
  Expenses:Home:Phone                               59.75 USD

2022-08-19 * "Transfering accumulated savings to other account"
  Assets:US:BofA:Checking                           -3500 USD
  Assets:US:ETrade:Cash                              3500 USD

2022-08-21 * "Wine-Tarner Cable" ""
  Assets:US:BofA:Checking                          -80.03 USD
  Expenses:Home:Internet                            80.03 USD

2022-08-28 balance Assets:US:BofA:Checking         879.98 USD

2022-09-03 * "RiverBank Properties" "Paying the rent"
  Assets:US:BofA:Checking                        -2400.00 USD
  Expenses:Home:Rent                              2400.00 USD

2022-09-04 * "BANK FEES" "Monthly bank fee"
  Assets:US:BofA:Checking                           -4.00 USD
  Expenses:Financial:Fees                            4.00 USD

2022-09-09 * "EDISON POWER" ""
  Assets:US:BofA:Checking                          -65.00 USD
  Expenses:Home:Electricity                         65.00 USD

2022-09-20 * "Verizon Wireless" ""
  Assets:US:BofA:Checking                          -56.92 USD
  Expenses:Home:Phone                               56.92 USD

2022-09-22 balance Assets:US:BofA:Checking        2733.39 USD

2022-09-22 * "Wine-Tarner Cable" ""
  Assets:US:BofA:Checking                          -79.90 USD
  Expenses:Home:Internet                            79.90 USD

2022-10-04 * "BANK FEES" "Monthly bank fee"
  Assets:US:BofA:Checking                           -4.00 USD
  Expenses:Financial:Fees                            4.00 USD

2022-10-06 * "RiverBank Properties" "Paying the rent"
  Assets:US:BofA:Checking                        -2400.00 USD
  Expenses:Home:Rent                              2400.00 USD

2022-10-09 * "EDISON POWER" ""
  Assets:US:BofA:Checking                          -65.00 USD
  Expenses:Home:Electricity                         65.00 USD

2022-10-14 * "Transfering accumulated savings to other account"
  Assets:US:BofA:Checking                           -3500 USD
  Assets:US:ETrade:Cash                              3500 USD

2022-10-19 balance Assets:US:BofA:Checking        1298.61 USD

2022-10-20 * "Verizon Wireless" ""
  Assets:US:BofA:Checking                          -67.92 USD
  Expenses:Home:Phone                               67.92 USD

2022-10-22 * "Wine-Tarner Cable" ""
  Assets:US:BofA:Checking                          -80.05 USD
  Expenses:Home:Internet                            80.05 USD

2022-11-04 * "BANK FEES" "Monthly bank fee"
  Assets:US:BofA:Checking                           -4.00 USD
  Expenses:Financial:Fees                            4.00 USD

2022-11-06 * "RiverBank Properties" "Paying the rent"
  Assets:US:BofA:Checking                        -2400.00 USD
  Expenses:Home:Rent                              2400.00 USD

2022-11-08 * "EDISON POWER" ""
  Assets:US:BofA:Checking                          -65.00 USD
  Expenses:Home:Electricity                         65.00 USD

2022-11-10 balance Assets:US:BofA:Checking         556.99 USD

2022-11-19 * "Verizon Wireless" ""
  Assets:US:BofA:Checking                          -64.05 USD
  Expenses:Home:Phone                               64.05 USD

2022-11-23 * "Wine-Tarner Cable" ""
  Assets:US:BofA:Checking                          -79.93 USD
  Expenses:Home:Internet                            79.93 USD

2022-12-04 * "BANK FEES" "Monthly bank fee"
  Assets:US:BofA:Checking                           -4.00 USD
  Expenses:Financial:Fees                            4.00 USD

2022-12-05 * "RiverBank Properties" "Paying the rent"
  Assets:US:BofA:Checking                        -2400.00 USD
  Expenses:Home:Rent                              2400.00 USD

2022-12-07 balance Assets:US:BofA:Checking        3110.21 USD

2022-12-09 * "EDISON POWER" ""
  Assets:US:BofA:Checking                          -65.00 USD
  Expenses:Home:Electricity                         65.00 USD

2022-12-20 * "Verizon Wireless" ""
  Assets:US:BofA:Checking                          -80.13 USD
  Expenses:Home:Phone                               80.13 USD

2022-12-23 * "Wine-Tarner Cable" ""
  Assets:US:BofA:Checking                          -79.87 USD
  Expenses:Home:Internet                            79.87 USD

2023-01-04 * "BANK FEES" "Monthly bank fee"
  Assets:US:BofA:Checking                           -4.00 USD
  Expenses:Financial:Fees                            4.00 USD

2023-01-04 * "RiverBank Properties" "Paying the rent"
  Assets:US:BofA:Checking                        -2400.00 USD
  Expenses:Home:Rent                              2400.00 USD

2023-01-06 balance Assets:US:BofA:Checking        6735.00 USD

2023-01-08 * "EDISON POWER" ""
  Assets:US:BofA:Checking                          -65.00 USD
  Expenses:Home:Electricity                         65.00 USD

2023-01-19 * "Verizon Wireless" ""
  Assets:US:BofA:Checking                          -51.94 USD
  Expenses:Home:Phone                               51.94 USD

2023-01-22 * "Wine-Tarner Cable" ""
  Assets:US:BofA:Checking                          -79.88 USD
  Expenses:Home:Internet                            79.88 USD

2023-01-27 balance Assets:US:BofA:Checking        7407.49 USD

2023-02-04 * "BANK FEES" "Monthly bank fee"
  Assets:US:BofA:Checking                           -4.00 USD
  Expenses:Financial:Fees                            4.00 USD

2023-02-04 * "RiverBank Properties" "Paying the rent"
  Assets:US:BofA:Checking                        -2400.00 USD
  Expenses:Home:Rent                              2400.00 USD

2023-02-09 * "EDISON POWER" ""
  Assets:US:BofA:Checking                          -65.00 USD
  Expenses:Home:Electricity                         65.00 USD

2023-02-16 balance Assets:US:BofA:Checking        5628.43 USD

2023-02-20 * "Verizon Wireless" ""
  Assets:US:BofA:Checking                          -48.03 USD
  Expenses:Home:Phone                               48.03 USD

2023-02-22 * "Wine-Tarner Cable" ""
  Assets:US:BofA:Checking                          -80.08 USD
  Expenses:Home:Internet                            80.08 USD

2023-03-03 * "RiverBank Properties" "Paying the rent"
  Assets:US:BofA:Checking                        -2400.00 USD
  Expenses:Home:Rent                              2400.00 USD

2023-03-04 * "BANK FEES" "Monthly bank fee"
  Assets:US:BofA:Checking                           -4.00 USD
  Expenses:Financial:Fees                            4.00 USD

2023-03-08 balance Assets:US:BofA:Checking        5797.52 USD

2023-03-09 * "EDISON POWER" ""
  Assets:US:BofA:Checking                          -65.00 USD
  Expenses:Home:Electricity                         65.00 USD

2023-03-19 * "Verizon Wireless" ""
  Assets:US:BofA:Checking                          -55.06 USD
  Expenses:Home:Phone                               55.06 USD

2023-03-21 * "Wine-Tarner Cable" ""
  Assets:US:BofA:Checking                          -79.94 USD
  Expenses:Home:Internet                            79.94 USD

2023-04-04 balance Assets:US:BofA:Checking        6709.12 USD

2023-04-04 * "BANK FEES" "Monthly bank fee"
  Assets:US:BofA:Checking                           -4.00 USD
  Expenses:Financial:Fees                            4.00 USD

2023-04-04 * "RiverBank Properties" "Paying the rent"
  Assets:US:BofA:Checking                        -2400.00 USD
  Expenses:Home:Rent                              2400.00 USD

2023-04-08 * "EDISON POWER" ""
  Assets:US:BofA:Checking                          -65.00 USD
  Expenses:Home:Electricity                         65.00 USD

2023-04-20 * "Verizon Wireless" ""
  Assets:US:BofA:Checking                          -57.04 USD
  Expenses:Home:Phone                               57.04 USD

2023-04-21 * "Wine-Tarner Cable" ""
  Assets:US:BofA:Checking                          -80.08 USD
  Expenses:Home:Internet                            80.08 USD

2023-05-02 balance Assets:US:BofA:Checking        6082.89 USD

2023-05-04 * "BANK FEES" "Monthly bank fee"
  Assets:US:BofA:Checking                           -4.00 USD
  Expenses:Financial:Fees                            4.00 USD

2023-05-05 * "RiverBank Properties" "Paying the rent"
  Assets:US:BofA:Checking                        -2400.00 USD
  Expenses:Home:Rent                              2400.00 USD

2023-05-08 * "EDISON POWER" ""
  Assets:US:BofA:Checking                          -65.00 USD
  Expenses:Home:Electricity                         65.00 USD

2023-05-12 * "Transfering accumulated savings to other account"
  Assets:US:BofA:Checking                           -3000 USD
  Assets:US:ETrade:Cash                              3000 USD

2023-05-18 * "Verizon Wireless" ""
  Assets:US:BofA:Checking                          -52.14 USD
  Expenses:Home:Phone                               52.14 USD

2023-05-23 * "Wine-Tarner Cable" ""
  Assets:US:BofA:Checking                          -80.05 USD
  Expenses:Home:Internet                            80.05 USD

2023-06-01 balance Assets:US:BofA:Checking        2698.97 USD

2023-06-04 * "BANK FEES" "Monthly bank fee"
  Assets:US:BofA:Checking                           -4.00 USD
  Expenses:Financial:Fees                            4.00 USD

2023-06-05 * "RiverBank Properties" "Paying the rent"
  Assets:US:BofA:Checking                        -2400.00 USD
  Expenses:Home:Rent                              2400.00 USD

2023-06-09 * "EDISON POWER" ""
  Assets:US:BofA:Checking                          -65.00 USD
  Expenses:Home:Electricity                         65.00 USD

2023-06-18 * "Verizon Wireless" ""
  Assets:US:BofA:Checking                          -68.50 USD
  Expenses:Home:Phone                               68.50 USD

2023-06-21 * "Wine-Tarner Cable" ""
  Assets:US:BofA:Checking                          -79.86 USD
  Expenses:Home:Internet                            79.86 USD

2023-06-30 balance Assets:US:BofA:Checking        2461.77 USD

2023-07-04 * "BANK FEES" "Monthly bank fee"
  Assets:US:BofA:Checking                           -4.00 USD
  Expenses:Financial:Fees                            4.00 USD

2023-07-06 * "RiverBank Properties" "Paying the rent"
  Assets:US:BofA:Checking                        -2400.00 USD
  Expenses:Home:Rent                              2400.00 USD

2023-07-09 * "EDISON POWER" ""
  Assets:US:BofA:Checking                          -65.00 USD
  Expenses:Home:Electricity                         65.00 USD

2023-07-18 * "Verizon Wireless" ""
  Assets:US:BofA:Checking                          -46.49 USD
  Expenses:Home:Phone                               46.49 USD

2023-07-22 balance Assets:US:BofA:Checking        2057.78 USD

2023-07-22 * "Wine-Tarner Cable" ""
  Assets:US:BofA:Checking                          -80.12 USD
  Expenses:Home:Internet                            80.12 USD

2023-08-04 * "BANK FEES" "Monthly bank fee"
  Assets:US:BofA:Checking                           -4.00 USD
  Expenses:Financial:Fees                            4.00 USD

2023-08-04 * "Transfering accumulated savings to other account"
  Assets:US:BofA:Checking                           -3500 USD
  Assets:US:ETrade:Cash                              3500 USD

2023-08-14 balance Assets:US:BofA:Checking         524.26 USD



* Credit-Cards

1980-05-12 open Liabilities:US:Chase:Slate                      USD

2021-01-03 * "China Garden" "Eating out with Natasha"
  Liabilities:US:Chase:Slate                       -41.74 USD
  Expenses:Food:Restaurant                          41.74 USD

2021-01-04 * "Jewel of Morroco" "Eating out with work buddies"
  Liabilities:US:Chase:Slate                       -52.03 USD
  Expenses:Food:Restaurant                          52.03 USD

2021-01-08 * "Uncle Boons" "Eating out with Bill"
  Liabilities:US:Chase:Slate                       -16.71 USD
  Expenses:Food:Restaurant                          16.71 USD

2021-01-08 * "Chase:Slate" "Paying off credit card"
  Liabilities:US:Chase:Slate                       110.48 USD
  Assets:US:BofA:Checking                         -110.48 USD

2021-01-11 * "Jewel of Morroco" "Eating out "
  Liabilities:US:Chase:Slate                       -34.72 USD
  Expenses:Food:Restaurant                          34.72 USD

2021-01-12 * "Kin Soy" "Eating out alone"
  Liabilities:US:Chase:Slate                       -23.78 USD
  Expenses:Food:Restaurant                          23.78 USD

2021-01-15 * "Jewel of Morroco" "Eating out with Bill"
  Liabilities:US:Chase:Slate                       -39.02 USD
  Expenses:Food:Restaurant                          39.02 USD

2021-01-17 * "Uncle Boons" "Eating out with work buddies"
  Liabilities:US:Chase:Slate                       -51.14 USD
  Expenses:Food:Restaurant                          51.14 USD

2021-01-17 * "Good Moods Market" "Buying groceries"
  Liabilities:US:Chase:Slate                       -97.40 USD
  Expenses:Food:Groceries                           97.40 USD

2021-01-22 * "Uncle Boons" "Eating out with Bill"
  Liabilities:US:Chase:Slate                       -22.42 USD
  Expenses:Food:Restaurant                          22.42 USD

2021-01-24 * "Uncle Boons" "Eating out with Joe"
  Liabilities:US:Chase:Slate                       -44.28 USD
  Expenses:Food:Restaurant                          44.28 USD

2021-01-27 * "Good Moods Market" "Buying groceries"
  Liabilities:US:Chase:Slate                      -112.27 USD
  Expenses:Food:Groceries                          112.27 USD

2021-01-28 * "Rose Flower" "Eating out alone"
  Liabilities:US:Chase:Slate                       -53.94 USD
  Expenses:Food:Restaurant                          53.94 USD

2021-01-31 balance Liabilities:US:Chase:Slate     -478.97 USD

2021-01-31 * "Goba Goba" "Eating out after work"
  Liabilities:US:Chase:Slate                       -22.82 USD
  Expenses:Food:Restaurant                          22.82 USD

2021-01-31 * "Metro Transport Authority" "Tram tickets"
  Liabilities:US:Chase:Slate                      -120.00 USD
  Expenses:Transport:Tram                          120.00 USD

2021-02-01 * "Rose Flower" "Eating out after work"
  Liabilities:US:Chase:Slate                       -27.13 USD
  Expenses:Food:Restaurant                          27.13 USD

2021-02-03 * "Kin Soy" "Eating out "
  Liabilities:US:Chase:Slate                       -13.31 USD
  Expenses:Food:Restaurant                          13.31 USD

2021-02-06 * "Goba Goba" "Eating out with work buddies"
  Liabilities:US:Chase:Slate                       -31.32 USD
  Expenses:Food:Restaurant                          31.32 USD

2021-02-06 * "Onion Market" "Buying groceries"
  Liabilities:US:Chase:Slate                       -76.18 USD
  Expenses:Food:Groceries                           76.18 USD

2021-02-08 * "Jewel of Morroco" "Eating out with Julie"
  Liabilities:US:Chase:Slate                       -31.67 USD
  Expenses:Food:Restaurant                          31.67 USD

2021-02-08 * "Chase:Slate" "Paying off credit card"
  Liabilities:US:Chase:Slate                       801.40 USD
  Assets:US:BofA:Checking                         -801.40 USD

2021-02-12 * "Chichipotle" "Eating out alone"
  Liabilities:US:Chase:Slate                       -18.12 USD
  Expenses:Food:Restaurant                          18.12 USD

2021-02-13 * "Rose Flower" "Eating out with work buddies"
  Liabilities:US:Chase:Slate                       -61.32 USD
  Expenses:Food:Restaurant                          61.32 USD

2021-02-17 * "Goba Goba" "Eating out with Julie"
  Liabilities:US:Chase:Slate                       -28.94 USD
  Expenses:Food:Restaurant                          28.94 USD

2021-02-19 * "Kin Soy" "Eating out with Julie"
  Liabilities:US:Chase:Slate                       -17.48 USD
  Expenses:Food:Restaurant                          17.48 USD

2021-02-22 * "Jewel of Morroco" "Eating out with Bill"
  Liabilities:US:Chase:Slate                       -38.19 USD
  Expenses:Food:Restaurant                          38.19 USD

2021-02-24 * "Corner Deli" "Buying groceries"
  Liabilities:US:Chase:Slate                       -41.00 USD
  Expenses:Food:Groceries                           41.00 USD

2021-02-25 * "Rose Flower" "Eating out with Joe"
  Liabilities:US:Chase:Slate                       -36.00 USD
  Expenses:Food:Restaurant                          36.00 USD

2021-02-27 balance Liabilities:US:Chase:Slate     -241.05 USD

2021-03-01 * "Rose Flower" "Eating out with work buddies"
  Liabilities:US:Chase:Slate                       -53.79 USD
  Expenses:Food:Restaurant                          53.79 USD

2021-03-01 * "Onion Market" "Buying groceries"
  Liabilities:US:Chase:Slate                       -74.72 USD
  Expenses:Food:Groceries                           74.72 USD

2021-03-04 * "Kin Soy" "Eating out "
  Liabilities:US:Chase:Slate                       -44.27 USD
  Expenses:Food:Restaurant                          44.27 USD

2021-03-04 * "Metro Transport Authority" "Tram tickets"
  Liabilities:US:Chase:Slate                      -120.00 USD
  Expenses:Transport:Tram                          120.00 USD

2021-03-06 * "Goba Goba" "Eating out with Julie"
  Liabilities:US:Chase:Slate                       -26.16 USD
  Expenses:Food:Restaurant                          26.16 USD

2021-03-07 * "Chichipotle" "Eating out "
  Liabilities:US:Chase:Slate                       -37.83 USD
  Expenses:Food:Restaurant                          37.83 USD

2021-03-10 * "Goba Goba" "Eating out with Joe"
  Liabilities:US:Chase:Slate                       -29.77 USD
  Expenses:Food:Restaurant                          29.77 USD

2021-03-10 * "Corner Deli" "Buying groceries"
  Liabilities:US:Chase:Slate                       -68.55 USD
  Expenses:Food:Groceries                           68.55 USD

2021-03-10 * "Chase:Slate" "Paying off credit card"
  Liabilities:US:Chase:Slate                       627.59 USD
  Assets:US:BofA:Checking                         -627.59 USD

2021-03-14 * "Jewel of Morroco" "Eating out with Bill"
  Liabilities:US:Chase:Slate                       -15.47 USD
  Expenses:Food:Restaurant                          15.47 USD

2021-03-18 * "Kin Soy" "Eating out "
  Liabilities:US:Chase:Slate                       -45.34 USD
  Expenses:Food:Restaurant                          45.34 USD

2021-03-19 * "Good Moods Market" "Buying groceries"
  Liabilities:US:Chase:Slate                       -65.32 USD
  Expenses:Food:Groceries                           65.32 USD

2021-03-20 * "Cafe Modagor" "Eating out with work buddies"
  Liabilities:US:Chase:Slate                       -33.36 USD
  Expenses:Food:Restaurant                          33.36 USD

2021-03-23 balance Liabilities:US:Chase:Slate     -228.04 USD

2021-03-25 * "Kin Soy" "Eating out with Bill"
  Liabilities:US:Chase:Slate                       -38.41 USD
  Expenses:Food:Restaurant                          38.41 USD

2021-03-28 * "Chichipotle" "Eating out "
  Liabilities:US:Chase:Slate                       -68.32 USD
  Expenses:Food:Restaurant                          68.32 USD

2021-03-29 * "Kin Soy" "Eating out "
  Liabilities:US:Chase:Slate                       -39.95 USD
  Expenses:Food:Restaurant                          39.95 USD

2021-03-30 * "Corner Deli" "Buying groceries"
  Liabilities:US:Chase:Slate                       -83.07 USD
  Expenses:Food:Groceries                           83.07 USD

2021-04-01 * "Kin Soy" "Eating out with Bill"
  Liabilities:US:Chase:Slate                       -22.34 USD
  Expenses:Food:Restaurant                          22.34 USD

2021-04-03 * "Metro Transport Authority" "Tram tickets"
  Liabilities:US:Chase:Slate                      -120.00 USD
  Expenses:Transport:Tram                          120.00 USD

2021-04-04 * "Farmer Fresh" "Buying groceries"
  Liabilities:US:Chase:Slate                       -90.37 USD
  Expenses:Food:Groceries                           90.37 USD

2021-04-06 * "Cafe Modagor" "Eating out with Natasha"
  Liabilities:US:Chase:Slate                       -26.00 USD
  Expenses:Food:Restaurant                          26.00 USD

2021-04-09 * "Goba Goba" "Eating out with Joe"
  Liabilities:US:Chase:Slate                       -26.91 USD
  Expenses:Food:Restaurant                          26.91 USD

2021-04-09 * "Chase:Slate" "Paying off credit card"
  Liabilities:US:Chase:Slate                       743.41 USD
  Assets:US:BofA:Checking                         -743.41 USD

2021-04-13 balance Liabilities:US:Chase:Slate           0 USD

2021-04-13 * "Kin Soy" "Eating out "
  Liabilities:US:Chase:Slate                       -47.30 USD
  Expenses:Food:Restaurant                          47.30 USD

2021-04-17 * "Chichipotle" "Eating out with Bill"
  Liabilities:US:Chase:Slate                       -29.01 USD
  Expenses:Food:Restaurant                          29.01 USD

2021-04-19 * "China Garden" "Eating out with Bill"
  Liabilities:US:Chase:Slate                       -23.57 USD
  Expenses:Food:Restaurant                          23.57 USD

2021-04-19 * "Onion Market" "Buying groceries"
  Liabilities:US:Chase:Slate                       -45.27 USD
  Expenses:Food:Groceries                           45.27 USD

2021-04-22 * "Rose Flower" "Eating out with Natasha"
  Liabilities:US:Chase:Slate                       -23.38 USD
  Expenses:Food:Restaurant                          23.38 USD

2021-04-24 * "Rose Flower" "Eating out with work buddies"
  Liabilities:US:Chase:Slate                       -48.66 USD
  Expenses:Food:Restaurant                          48.66 USD

2021-04-28 * "Jewel of Morroco" "Eating out with work buddies"
  Liabilities:US:Chase:Slate                       -29.10 USD
  Expenses:Food:Restaurant                          29.10 USD

2021-05-03 * "Uncle Boons" "Eating out with work buddies"
  Liabilities:US:Chase:Slate                       -28.17 USD
  Expenses:Food:Restaurant                          28.17 USD

2021-05-03 * "Metro Transport Authority" "Tram tickets"
  Liabilities:US:Chase:Slate                      -120.00 USD
  Expenses:Transport:Tram                          120.00 USD

2021-05-05 * "Onion Market" "Buying groceries"
  Liabilities:US:Chase:Slate                       -97.12 USD
  Expenses:Food:Groceries                           97.12 USD

2021-05-08 * "Uncle Boons" "Eating out with Bill"
  Liabilities:US:Chase:Slate                       -70.00 USD
  Expenses:Food:Restaurant                          70.00 USD

2021-05-08 * "Chase:Slate" "Paying off credit card"
  Liabilities:US:Chase:Slate                       561.58 USD
  Assets:US:BofA:Checking                         -561.58 USD

2021-05-09 balance Liabilities:US:Chase:Slate           0 USD

2021-05-10 * "Corner Deli" "Buying groceries"
  Liabilities:US:Chase:Slate                       -78.21 USD
  Expenses:Food:Groceries                           78.21 USD

2021-05-12 * "Goba Goba" "Eating out with work buddies"
  Liabilities:US:Chase:Slate                       -64.55 USD
  Expenses:Food:Restaurant                          64.55 USD

2021-05-15 * "Goba Goba" "Eating out after work"
  Liabilities:US:Chase:Slate                       -33.88 USD
  Expenses:Food:Restaurant                          33.88 USD

2021-05-16 * "Onion Market" "Buying groceries"
  Liabilities:US:Chase:Slate                       -45.66 USD
  Expenses:Food:Groceries                           45.66 USD

2021-05-19 * "Uncle Boons" "Eating out with Natasha"
  Liabilities:US:Chase:Slate                       -29.27 USD
  Expenses:Food:Restaurant                          29.27 USD

2021-05-23 * "China Garden" "Eating out with Julie"
  Liabilities:US:Chase:Slate                       -28.66 USD
  Expenses:Food:Restaurant                          28.66 USD

2021-05-25 * "Good Moods Market" "Buying groceries"
  Liabilities:US:Chase:Slate                       -63.11 USD
  Expenses:Food:Groceries                           63.11 USD

2021-05-27 * "Rose Flower" "Eating out with Natasha"
  Liabilities:US:Chase:Slate                       -37.55 USD
  Expenses:Food:Restaurant                          37.55 USD

2021-05-30 * "Jewel of Morroco" "Eating out with Natasha"
  Liabilities:US:Chase:Slate                       -37.10 USD
  Expenses:Food:Restaurant                          37.10 USD

2021-06-01 * "Rose Flower" "Eating out with Joe"
  Liabilities:US:Chase:Slate                       -21.42 USD
  Expenses:Food:Restaurant                          21.42 USD

2021-06-02 * "Chichipotle" "Eating out with work buddies"
  Liabilities:US:Chase:Slate                       -20.96 USD
  Expenses:Food:Restaurant                          20.96 USD

2021-06-04 balance Liabilities:US:Chase:Slate     -460.37 USD

2021-06-04 * "Chichipotle" "Eating out with Julie"
  Liabilities:US:Chase:Slate                       -14.41 USD
  Expenses:Food:Restaurant                          14.41 USD

2021-06-05 * "Jewel of Morroco" "Eating out after work"
  Liabilities:US:Chase:Slate                       -40.00 USD
  Expenses:Food:Restaurant                          40.00 USD

2021-06-05 * "Metro Transport Authority" "Tram tickets"
  Liabilities:US:Chase:Slate                      -120.00 USD
  Expenses:Transport:Tram                          120.00 USD

2021-06-06 * "China Garden" "Eating out with Joe"
  Liabilities:US:Chase:Slate                       -48.59 USD
  Expenses:Food:Restaurant                          48.59 USD

2021-06-06 * "Farmer Fresh" "Buying groceries"
  Liabilities:US:Chase:Slate                       -66.92 USD
  Expenses:Food:Groceries                           66.92 USD

2021-06-09 * "Chase:Slate" "Paying off credit card"
  Liabilities:US:Chase:Slate                       778.27 USD
  Assets:US:BofA:Checking                         -778.27 USD

2021-06-11 * "Jewel of Morroco" "Eating out after work"
  Liabilities:US:Chase:Slate                       -27.98 USD
  Expenses:Food:Restaurant                          27.98 USD

2021-06-15 * "Kin Soy" "Eating out after work"
  Liabilities:US:Chase:Slate                       -49.06 USD
  Expenses:Food:Restaurant                          49.06 USD

2021-06-17 * "Goba Goba" "Eating out with Natasha"
  Liabilities:US:Chase:Slate                       -59.29 USD
  Expenses:Food:Restaurant                          59.29 USD

2021-06-22 * "Kin Soy" "Eating out after work"
  Liabilities:US:Chase:Slate                       -41.02 USD
  Expenses:Food:Restaurant                          41.02 USD

2021-06-23 * "China Garden" "Eating out alone"
  Liabilities:US:Chase:Slate                       -35.84 USD
  Expenses:Food:Restaurant                          35.84 USD

2021-06-25 balance Liabilities:US:Chase:Slate     -185.21 USD

2021-06-25 * "Good Moods Market" "Buying groceries"
  Liabilities:US:Chase:Slate                       -79.25 USD
  Expenses:Food:Groceries                           79.25 USD

2021-06-27 * "Kin Soy" "Eating out "
  Liabilities:US:Chase:Slate                       -24.23 USD
  Expenses:Food:Restaurant                          24.23 USD

2021-06-29 event "location" "Boston"

2021-06-30 * "Giacomo's Restaurant" "" #trip-boston-2021
  Liabilities:US:Chase:Slate                       -52.57 USD
  Expenses:Food:Restaurant                          52.57 USD

2021-06-30 * "Legal Seafood" "" #trip-boston-2021
  Liabilities:US:Chase:Slate                       -34.44 USD
  Expenses:Food:Restaurant                          34.44 USD

2021-07-01 * "Giacomo's Restaurant" "" #trip-boston-2021
  Liabilities:US:Chase:Slate                       -38.78 USD
  Expenses:Food:Restaurant                          38.78 USD

2021-07-01 * "Legal Seafood" "" #trip-boston-2021
  Liabilities:US:Chase:Slate                       -32.58 USD
  Expenses:Food:Restaurant                          32.58 USD

2021-07-04 * "Starbucks" "" #trip-boston-2021
  Liabilities:US:Chase:Slate                        -6.20 USD
  Expenses:Food:Coffee                               6.20 USD

2021-07-05 * "Giacomo's Restaurant" "" #trip-boston-2021
  Liabilities:US:Chase:Slate                       -45.51 USD
  Expenses:Food:Restaurant                          45.51 USD

2021-07-05 * "Legal Seafood" "" #trip-boston-2021
  Liabilities:US:Chase:Slate                       -33.59 USD
  Expenses:Food:Restaurant                          33.59 USD

2021-07-06 * "Giacomo's Restaurant" "" #trip-boston-2021
  Liabilities:US:Chase:Slate                       -33.56 USD
  Expenses:Food:Restaurant                          33.56 USD

2021-07-07 * "Starbucks" "" #trip-boston-2021
  Liabilities:US:Chase:Slate                        -6.53 USD
  Expenses:Food:Coffee                               6.53 USD

2021-07-08 * "Legal Seafood" "" #trip-boston-2021
  Liabilities:US:Chase:Slate                       -38.60 USD
  Expenses:Food:Restaurant                          38.60 USD

2021-07-09 * "Franklin Cafe" "" #trip-boston-2021
  Liabilities:US:Chase:Slate                       -37.92 USD
  Expenses:Food:Restaurant                          37.92 USD

2021-07-09 * "Chase:Slate" "Paying off credit card"
  Liabilities:US:Chase:Slate                       365.86 USD
  Assets:US:BofA:Checking                         -365.86 USD

2021-07-10 * "Legal Seafood" "" #trip-boston-2021
  Liabilities:US:Chase:Slate                       -44.62 USD
  Expenses:Food:Restaurant                          44.62 USD

2021-07-11 * "Starbucks" "" #trip-boston-2021
  Liabilities:US:Chase:Slate                        -5.80 USD
  Expenses:Food:Coffee                               5.80 USD

2021-07-12 * "Giacomo's Restaurant" "" #trip-boston-2021
  Liabilities:US:Chase:Slate                       -41.60 USD
  Expenses:Food:Restaurant                          41.60 USD

2021-07-13 * "Franklin Cafe" "" #trip-boston-2021
  Liabilities:US:Chase:Slate                       -26.55 USD
  Expenses:Food:Restaurant                          26.55 USD

2021-07-14 * "Good Moods Market" "Buying groceries"
  Liabilities:US:Chase:Slate                       -77.17 USD
  Expenses:Food:Groceries                           77.17 USD

2021-07-14 * "Consume vacation days"
  Assets:US:Hooli:Vacation                           -120 VACHR
  Expenses:Vacation                                   120 VACHR

2021-07-14 event "location" "New Metropolis"

2021-07-15 * "Jewel of Morroco" "Eating out with work buddies"
  Liabilities:US:Chase:Slate                       -50.73 USD
  Expenses:Food:Restaurant                          50.73 USD

2021-07-18 balance Liabilities:US:Chase:Slate     -529.58 USD

2021-07-19 * "Chichipotle" "Eating out with Joe"
  Liabilities:US:Chase:Slate                       -24.17 USD
  Expenses:Food:Restaurant                          24.17 USD

2021-07-22 * "Kin Soy" "Eating out with Julie"
  Liabilities:US:Chase:Slate                       -35.74 USD
  Expenses:Food:Restaurant                          35.74 USD

2021-07-23 * "China Garden" "Eating out with Bill"
  Liabilities:US:Chase:Slate                       -42.70 USD
  Expenses:Food:Restaurant                          42.70 USD

2021-07-26 * "Jewel of Morroco" "Eating out with Natasha"
  Liabilities:US:Chase:Slate                       -39.68 USD
  Expenses:Food:Restaurant                          39.68 USD

2021-07-26 * "Corner Deli" "Buying groceries"
  Liabilities:US:Chase:Slate                      -101.79 USD
  Expenses:Food:Groceries                          101.79 USD

2021-07-27 * "Chichipotle" "Eating out with work buddies"
  Liabilities:US:Chase:Slate                       -52.08 USD
  Expenses:Food:Restaurant                          52.08 USD

2021-07-29 * "Rose Flower" "Eating out with work buddies"
  Liabilities:US:Chase:Slate                       -21.93 USD
  Expenses:Food:Restaurant                          21.93 USD

2021-07-30 * "Rose Flower" "Eating out "
  Liabilities:US:Chase:Slate                       -23.28 USD
  Expenses:Food:Restaurant                          23.28 USD

2021-08-01 * "Corner Deli" "Buying groceries"
  Liabilities:US:Chase:Slate                      -123.32 USD
  Expenses:Food:Groceries                          123.32 USD

2021-08-02 * "China Garden" "Eating out with Bill"
  Liabilities:US:Chase:Slate                       -22.72 USD
  Expenses:Food:Restaurant                          22.72 USD

2021-08-05 * "Jewel of Morroco" "Eating out alone"
  Liabilities:US:Chase:Slate                       -30.45 USD
  Expenses:Food:Restaurant                          30.45 USD

2021-08-06 * "Chichipotle" "Eating out after work"
  Liabilities:US:Chase:Slate                       -17.49 USD
  Expenses:Food:Restaurant                          17.49 USD

2021-08-08 * "Chase:Slate" "Paying off credit card"
  Liabilities:US:Chase:Slate                       706.08 USD
  Assets:US:BofA:Checking                         -706.08 USD

2021-08-09 * "Metro Transport Authority" "Tram tickets"
  Liabilities:US:Chase:Slate                      -120.00 USD
  Expenses:Transport:Tram                          120.00 USD

2021-08-10 * "Goba Goba" "Eating out with Natasha"
  Liabilities:US:Chase:Slate                       -49.94 USD
  Expenses:Food:Restaurant                          49.94 USD

2021-08-11 balance Liabilities:US:Chase:Slate     -528.79 USD

2021-08-12 * "Cafe Modagor" "Eating out with Joe"
  Liabilities:US:Chase:Slate                       -53.27 USD
  Expenses:Food:Restaurant                          53.27 USD

2021-08-15 * "Uncle Boons" "Eating out "
  Liabilities:US:Chase:Slate                       -38.95 USD
  Expenses:Food:Restaurant                          38.95 USD

2021-08-15 * "Farmer Fresh" "Buying groceries"
  Liabilities:US:Chase:Slate                       -93.22 USD
  Expenses:Food:Groceries                           93.22 USD

2021-08-20 * "Cafe Modagor" "Eating out "
  Liabilities:US:Chase:Slate                       -30.04 USD
  Expenses:Food:Restaurant                          30.04 USD

2021-08-23 * "Corner Deli" "Buying groceries"
  Liabilities:US:Chase:Slate                       -89.61 USD
  Expenses:Food:Groceries                           89.61 USD

2021-08-24 * "Jewel of Morroco" "Eating out with Bill"
  Liabilities:US:Chase:Slate                       -46.66 USD
  Expenses:Food:Restaurant                          46.66 USD

2021-08-28 * "Uncle Boons" "Eating out "
  Liabilities:US:Chase:Slate                       -22.51 USD
  Expenses:Food:Restaurant                          22.51 USD

2021-09-02 * "Uncle Boons" "Eating out "
  Liabilities:US:Chase:Slate                       -22.11 USD
  Expenses:Food:Restaurant                          22.11 USD

2021-09-02 * "Onion Market" "Buying groceries"
  Liabilities:US:Chase:Slate                       -92.33 USD
  Expenses:Food:Groceries                           92.33 USD

2021-09-07 balance Liabilities:US:Chase:Slate    -1017.49 USD

2021-09-07 * "Goba Goba" "Eating out with Natasha"
  Liabilities:US:Chase:Slate                       -22.73 USD
  Expenses:Food:Restaurant                          22.73 USD

2021-09-10 * "China Garden" "Eating out with Bill"
  Liabilities:US:Chase:Slate                       -27.72 USD
  Expenses:Food:Restaurant                          27.72 USD

2021-09-10 * "Metro Transport Authority" "Tram tickets"
  Liabilities:US:Chase:Slate                      -120.00 USD
  Expenses:Transport:Tram                          120.00 USD

2021-09-11 * "Chase:Slate" "Paying off credit card"
  Liabilities:US:Chase:Slate                       739.78 USD
  Assets:US:BofA:Checking                         -739.78 USD

2021-09-15 * "Jewel of Morroco" "Eating out alone"
  Liabilities:US:Chase:Slate                       -30.69 USD
  Expenses:Food:Restaurant                          30.69 USD

2021-09-18 * "Farmer Fresh" "Buying groceries"
  Liabilities:US:Chase:Slate                       -65.47 USD
  Expenses:Food:Groceries                           65.47 USD

2021-09-19 * "Rose Flower" "Eating out "
  Liabilities:US:Chase:Slate                       -67.86 USD
  Expenses:Food:Restaurant                          67.86 USD

2021-09-20 * "Cafe Modagor" "Eating out with Julie"
  Liabilities:US:Chase:Slate                       -22.61 USD
  Expenses:Food:Restaurant                          22.61 USD

2021-09-24 * "Rose Flower" "Eating out alone"
  Liabilities:US:Chase:Slate                       -31.27 USD
  Expenses:Food:Restaurant                          31.27 USD

2021-09-27 balance Liabilities:US:Chase:Slate     -666.06 USD

2021-09-28 * "Rose Flower" "Eating out after work"
  Liabilities:US:Chase:Slate                       -17.01 USD
  Expenses:Food:Restaurant                          17.01 USD

2021-10-01 * "Cafe Modagor" "Eating out with Natasha"
  Liabilities:US:Chase:Slate                       -63.84 USD
  Expenses:Food:Restaurant                          63.84 USD

2021-10-03 * "Corner Deli" "Buying groceries"
  Liabilities:US:Chase:Slate                       -76.39 USD
  Expenses:Food:Groceries                           76.39 USD

2021-10-04 * "Goba Goba" "Eating out alone"
  Liabilities:US:Chase:Slate                       -28.09 USD
  Expenses:Food:Restaurant                          28.09 USD

2021-10-07 * "Jewel of Morroco" "Eating out with Joe"
  Liabilities:US:Chase:Slate                       -17.64 USD
  Expenses:Food:Restaurant                          17.64 USD

2021-10-07 * "Metro Transport Authority" "Tram tickets"
  Liabilities:US:Chase:Slate                      -120.00 USD
  Expenses:Transport:Tram                          120.00 USD

2021-10-11 * "Chichipotle" "Eating out after work"
  Liabilities:US:Chase:Slate                       -32.66 USD
  Expenses:Food:Restaurant                          32.66 USD

2021-10-11 * "Chase:Slate" "Paying off credit card"
  Liabilities:US:Chase:Slate                       542.84 USD
  Assets:US:BofA:Checking                         -542.84 USD

2021-10-12 * "Good Moods Market" "Buying groceries"
  Liabilities:US:Chase:Slate                       -39.39 USD
  Expenses:Food:Groceries                           39.39 USD

2021-10-15 * "Chichipotle" "Eating out with work buddies"
  Liabilities:US:Chase:Slate                       -26.34 USD
  Expenses:Food:Restaurant                          26.34 USD

2021-10-18 * "Farmer Fresh" "Buying groceries"
  Liabilities:US:Chase:Slate                       -51.63 USD
  Expenses:Food:Groceries                           51.63 USD

2021-10-19 balance Liabilities:US:Chase:Slate     -596.21 USD

2021-10-20 * "Cafe Modagor" "Eating out after work"
  Liabilities:US:Chase:Slate                       -23.43 USD
  Expenses:Food:Restaurant                          23.43 USD

2021-10-23 * "Uncle Boons" "Eating out "
  Liabilities:US:Chase:Slate                       -58.53 USD
  Expenses:Food:Restaurant                          58.53 USD

2021-10-23 * "Farmer Fresh" "Buying groceries"
  Liabilities:US:Chase:Slate                      -100.58 USD
  Expenses:Food:Groceries                          100.58 USD

2021-10-25 * "Uncle Boons" "Eating out "
  Liabilities:US:Chase:Slate                       -30.01 USD
  Expenses:Food:Restaurant                          30.01 USD

2021-10-27 * "Chichipotle" "Eating out with Julie"
  Liabilities:US:Chase:Slate                       -30.90 USD
  Expenses:Food:Restaurant                          30.90 USD

2021-10-28 * "Rose Flower" "Eating out with Julie"
  Liabilities:US:Chase:Slate                       -19.82 USD
  Expenses:Food:Restaurant                          19.82 USD

2021-10-29 * "Cafe Modagor" "Eating out with Bill"
  Liabilities:US:Chase:Slate                       -40.76 USD
  Expenses:Food:Restaurant                          40.76 USD

2021-10-31 * "Rose Flower" "Eating out "
  Liabilities:US:Chase:Slate                       -22.96 USD
  Expenses:Food:Restaurant                          22.96 USD

2021-11-03 * "Rose Flower" "Eating out with work buddies"
  Liabilities:US:Chase:Slate                       -40.20 USD
  Expenses:Food:Restaurant                          40.20 USD

2021-11-04 * "Onion Market" "Buying groceries"
  Liabilities:US:Chase:Slate                       -66.45 USD
  Expenses:Food:Groceries                           66.45 USD

2021-11-05 * "Metro Transport Authority" "Tram tickets"
  Liabilities:US:Chase:Slate                      -120.00 USD
  Expenses:Transport:Tram                          120.00 USD

2021-11-07 * "China Garden" "Eating out after work"
  Liabilities:US:Chase:Slate                       -31.32 USD
  Expenses:Food:Restaurant                          31.32 USD

2021-11-09 * "Corner Deli" "Buying groceries"
  Liabilities:US:Chase:Slate                      -109.88 USD
  Expenses:Food:Groceries                          109.88 USD

2021-11-09 * "Chase:Slate" "Paying off credit card"
  Liabilities:US:Chase:Slate                       812.20 USD
  Assets:US:BofA:Checking                         -812.20 USD

2021-11-12 * "Kin Soy" "Eating out alone"
  Liabilities:US:Chase:Slate                       -13.87 USD
  Expenses:Food:Restaurant                          13.87 USD

2021-11-17 * "Cafe Modagor" "Eating out "
  Liabilities:US:Chase:Slate                       -23.11 USD
  Expenses:Food:Restaurant                          23.11 USD

2021-11-18 balance Liabilities:US:Chase:Slate     -515.83 USD

2021-11-18 * "Uncle Boons" "Eating out with Natasha"
  Liabilities:US:Chase:Slate                       -18.46 USD
  Expenses:Food:Restaurant                          18.46 USD

2021-11-20 * "Chichipotle" "Eating out after work"
  Liabilities:US:Chase:Slate                       -21.19 USD
  Expenses:Food:Restaurant                          21.19 USD

2021-11-22 * "Rose Flower" "Eating out "
  Liabilities:US:Chase:Slate                       -22.20 USD
  Expenses:Food:Restaurant                          22.20 USD

2021-11-23 * "Onion Market" "Buying groceries"
  Liabilities:US:Chase:Slate                       -86.49 USD
  Expenses:Food:Groceries                           86.49 USD

2021-11-25 * "Chichipotle" "Eating out with Natasha"
  Liabilities:US:Chase:Slate                       -29.88 USD
  Expenses:Food:Restaurant                          29.88 USD

2021-11-30 * "Kin Soy" "Eating out "
  Liabilities:US:Chase:Slate                       -19.76 USD
  Expenses:Food:Restaurant                          19.76 USD

2021-12-01 * "Corner Deli" "Buying groceries"
  Liabilities:US:Chase:Slate                       -76.87 USD
  Expenses:Food:Groceries                           76.87 USD

2021-12-03 * "Goba Goba" "Eating out with Natasha"
  Liabilities:US:Chase:Slate                       -71.58 USD
  Expenses:Food:Restaurant                          71.58 USD

2021-12-05 * "Metro Transport Authority" "Tram tickets"
  Liabilities:US:Chase:Slate                      -120.00 USD
  Expenses:Transport:Tram                          120.00 USD

2021-12-07 * "Rose Flower" "Eating out with Joe"
  Liabilities:US:Chase:Slate                       -30.94 USD
  Expenses:Food:Restaurant                          30.94 USD

2021-12-08 * "Kin Soy" "Eating out with work buddies"
  Liabilities:US:Chase:Slate                       -39.03 USD
  Expenses:Food:Restaurant                          39.03 USD

2021-12-08 * "Chase:Slate" "Paying off credit card"
  Liabilities:US:Chase:Slate                       573.38 USD
  Assets:US:BofA:Checking                         -573.38 USD

2021-12-11 * "Goba Goba" "Eating out with Julie"
  Liabilities:US:Chase:Slate                       -44.39 USD
  Expenses:Food:Restaurant                          44.39 USD

2021-12-11 * "Corner Deli" "Buying groceries"
  Liabilities:US:Chase:Slate                      -125.59 USD
  Expenses:Food:Groceries                          125.59 USD

2021-12-13 balance Liabilities:US:Chase:Slate     -648.83 USD

2021-12-14 * "Uncle Boons" "Eating out with Julie"
  Liabilities:US:Chase:Slate                       -24.15 USD
  Expenses:Food:Restaurant                          24.15 USD

2021-12-16 * "Uncle Boons" "Eating out with Natasha"
  Liabilities:US:Chase:Slate                       -22.31 USD
  Expenses:Food:Restaurant                          22.31 USD

2021-12-18 * "Goba Goba" "Eating out alone"
  Liabilities:US:Chase:Slate                       -45.69 USD
  Expenses:Food:Restaurant                          45.69 USD

2021-12-18 * "Farmer Fresh" "Buying groceries"
  Liabilities:US:Chase:Slate                       -79.89 USD
  Expenses:Food:Groceries                           79.89 USD

2021-12-23 * "Uncle Boons" "Eating out after work"
  Liabilities:US:Chase:Slate                       -21.19 USD
  Expenses:Food:Restaurant                          21.19 USD

2021-12-25 * "Rose Flower" "Eating out after work"
  Liabilities:US:Chase:Slate                       -71.87 USD
  Expenses:Food:Restaurant                          71.87 USD

2021-12-27 * "Goba Goba" "Eating out "
  Liabilities:US:Chase:Slate                       -23.26 USD
  Expenses:Food:Restaurant                          23.26 USD

2021-12-29 * "Farmer Fresh" "Buying groceries"
  Liabilities:US:Chase:Slate                       -93.93 USD
  Expenses:Food:Groceries                           93.93 USD

2022-01-01 * "Uncle Boons" "Eating out "
  Liabilities:US:Chase:Slate                       -31.82 USD
  Expenses:Food:Restaurant                          31.82 USD

2022-01-02 * "Metro Transport Authority" "Tram tickets"
  Liabilities:US:Chase:Slate                      -120.00 USD
  Expenses:Transport:Tram                          120.00 USD

2022-01-04 balance Liabilities:US:Chase:Slate    -1182.94 USD

2022-01-04 * "Cafe Modagor" "Eating out alone"
  Liabilities:US:Chase:Slate                       -14.62 USD
  Expenses:Food:Restaurant                          14.62 USD

2022-01-07 * "Chase:Slate" "Paying off credit card"
  Liabilities:US:Chase:Slate                       741.12 USD
  Assets:US:BofA:Checking                         -741.12 USD

2022-01-08 * "Jewel of Morroco" "Eating out with Joe"
  Liabilities:US:Chase:Slate                       -22.41 USD
  Expenses:Food:Restaurant                          22.41 USD

2022-01-11 * "Cafe Modagor" "Eating out with Julie"
  Liabilities:US:Chase:Slate                       -25.57 USD
  Expenses:Food:Restaurant                          25.57 USD

2022-01-16 * "Jewel of Morroco" "Eating out with Natasha"
  Liabilities:US:Chase:Slate                       -23.78 USD
  Expenses:Food:Restaurant                          23.78 USD

2022-01-17 * "Farmer Fresh" "Buying groceries"
  Liabilities:US:Chase:Slate                       -86.38 USD
  Expenses:Food:Groceries                           86.38 USD

2022-01-20 * "Jewel of Morroco" "Eating out with Bill"
  Liabilities:US:Chase:Slate                       -51.01 USD
  Expenses:Food:Restaurant                          51.01 USD

2022-01-23 * "Onion Market" "Buying groceries"
  Liabilities:US:Chase:Slate                       -65.74 USD
  Expenses:Food:Groceries                           65.74 USD

2022-01-25 * "Jewel of Morroco" "Eating out with Joe"
  Liabilities:US:Chase:Slate                       -17.46 USD
  Expenses:Food:Restaurant                          17.46 USD

2022-01-27 balance Liabilities:US:Chase:Slate     -748.79 USD

2022-01-27 * "Rose Flower" "Eating out with Natasha"
  Liabilities:US:Chase:Slate                       -22.63 USD
  Expenses:Food:Restaurant                          22.63 USD

2022-01-29 * "Metro Transport Authority" "Tram tickets"
  Liabilities:US:Chase:Slate                      -120.00 USD
  Expenses:Transport:Tram                          120.00 USD

2022-01-31 * "Rose Flower" "Eating out "
  Liabilities:US:Chase:Slate                       -41.28 USD
  Expenses:Food:Restaurant                          41.28 USD

2022-02-04 * "Uncle Boons" "Eating out with work buddies"
  Liabilities:US:Chase:Slate                       -37.15 USD
  Expenses:Food:Restaurant                          37.15 USD

2022-02-08 * "Uncle Boons" "Eating out "
  Liabilities:US:Chase:Slate                       -27.16 USD
  Expenses:Food:Restaurant                          27.16 USD

2022-02-09 * "Corner Deli" "Buying groceries"
  Liabilities:US:Chase:Slate                       -73.79 USD
  Expenses:Food:Groceries                           73.79 USD

2022-02-09 * "Chase:Slate" "Paying off credit card"
  Liabilities:US:Chase:Slate                       591.95 USD
  Assets:US:BofA:Checking                         -591.95 USD

2022-02-12 * "Jewel of Morroco" "Eating out "
  Liabilities:US:Chase:Slate                       -36.52 USD
  Expenses:Food:Restaurant                          36.52 USD

2022-02-14 * "Jewel of Morroco" "Eating out with Bill"
  Liabilities:US:Chase:Slate                       -34.89 USD
  Expenses:Food:Restaurant                          34.89 USD

2022-02-16 * "Chichipotle" "Eating out after work"
  Liabilities:US:Chase:Slate                       -28.37 USD
  Expenses:Food:Restaurant                          28.37 USD

2022-02-18 * "Uncle Boons" "Eating out with Bill"
  Liabilities:US:Chase:Slate                       -40.81 USD
  Expenses:Food:Restaurant                          40.81 USD

2022-02-20 balance Liabilities:US:Chase:Slate     -619.44 USD

2022-02-23 * "Chichipotle" "Eating out with Bill"
  Liabilities:US:Chase:Slate                       -35.72 USD
  Expenses:Food:Restaurant                          35.72 USD

2022-02-24 * "Kin Soy" "Eating out "
  Liabilities:US:Chase:Slate                       -25.64 USD
  Expenses:Food:Restaurant                          25.64 USD

2022-02-27 * "Farmer Fresh" "Buying groceries"
  Liabilities:US:Chase:Slate                       -56.26 USD
  Expenses:Food:Groceries                           56.26 USD

2022-02-28 * "Cafe Modagor" "Eating out with Bill"
  Liabilities:US:Chase:Slate                       -34.77 USD
  Expenses:Food:Restaurant                          34.77 USD

2022-03-01 * "Metro Transport Authority" "Tram tickets"
  Liabilities:US:Chase:Slate                      -120.00 USD
  Expenses:Transport:Tram                          120.00 USD

2022-03-03 * "Cafe Modagor" "Eating out with Julie"
  Liabilities:US:Chase:Slate                       -23.33 USD
  Expenses:Food:Restaurant                          23.33 USD

2022-03-05 * "Kin Soy" "Eating out with Joe"
  Liabilities:US:Chase:Slate                       -30.17 USD
  Expenses:Food:Restaurant                          30.17 USD

2022-03-07 * "Corner Deli" "Buying groceries"
  Liabilities:US:Chase:Slate                       -89.18 USD
  Expenses:Food:Groceries                           89.18 USD

2022-03-08 * "Chase:Slate" "Paying off credit card"
  Liabilities:US:Chase:Slate                       575.56 USD
  Assets:US:BofA:Checking                         -575.56 USD

2022-03-09 * "Goba Goba" "Eating out with work buddies"
  Liabilities:US:Chase:Slate                       -19.90 USD
  Expenses:Food:Restaurant                          19.90 USD

2022-03-13 * "Good Moods Market" "Buying groceries"
  Liabilities:US:Chase:Slate                       -90.88 USD
  Expenses:Food:Groceries                           90.88 USD

2022-03-14 * "Rose Flower" "Eating out alone"
  Liabilities:US:Chase:Slate                       -25.89 USD
  Expenses:Food:Restaurant                          25.89 USD

2022-03-15 * "Goba Goba" "Eating out alone"
  Liabilities:US:Chase:Slate                       -43.20 USD
  Expenses:Food:Restaurant                          43.20 USD

2022-03-17 * "China Garden" "Eating out with Joe"
  Liabilities:US:Chase:Slate                       -19.24 USD
  Expenses:Food:Restaurant                          19.24 USD

2022-03-18 * "Onion Market" "Buying groceries"
  Liabilities:US:Chase:Slate                       -61.17 USD
  Expenses:Food:Groceries                           61.17 USD

2022-03-19 balance Liabilities:US:Chase:Slate     -719.23 USD

2022-03-19 * "Cafe Modagor" "Eating out with Julie"
  Liabilities:US:Chase:Slate                       -23.28 USD
  Expenses:Food:Restaurant                          23.28 USD

2022-03-22 * "Rose Flower" "Eating out with Joe"
  Liabilities:US:Chase:Slate                       -34.25 USD
  Expenses:Food:Restaurant                          34.25 USD

2022-03-23 * "Uncle Boons" "Eating out with Natasha"
  Liabilities:US:Chase:Slate                       -48.53 USD
  Expenses:Food:Restaurant                          48.53 USD

2022-03-24 * "Jewel of Morroco" "Eating out "
  Liabilities:US:Chase:Slate                       -22.29 USD
  Expenses:Food:Restaurant                          22.29 USD

2022-03-28 * "Cafe Modagor" "Eating out with work buddies"
  Liabilities:US:Chase:Slate                       -22.07 USD
  Expenses:Food:Restaurant                          22.07 USD

2022-03-30 * "Jewel of Morroco" "Eating out after work"
  Liabilities:US:Chase:Slate                       -47.94 USD
  Expenses:Food:Restaurant                          47.94 USD

2022-03-31 * "Rose Flower" "Eating out with Bill"
  Liabilities:US:Chase:Slate                       -37.64 USD
  Expenses:Food:Restaurant                          37.64 USD

2022-04-01 * "Metro Transport Authority" "Tram tickets"
  Liabilities:US:Chase:Slate                      -120.00 USD
  Expenses:Transport:Tram                          120.00 USD

2022-04-02 * "Good Moods Market" "Buying groceries"
  Liabilities:US:Chase:Slate                       -58.70 USD
  Expenses:Food:Groceries                           58.70 USD

2022-04-05 * "Cafe Modagor" "Eating out with Joe"
  Liabilities:US:Chase:Slate                       -29.77 USD
  Expenses:Food:Restaurant                          29.77 USD

2022-04-06 * "Kin Soy" "Eating out "
  Liabilities:US:Chase:Slate                       -65.69 USD
  Expenses:Food:Restaurant                          65.69 USD

2022-04-09 * "China Garden" "Eating out with Bill"
  Liabilities:US:Chase:Slate                       -23.46 USD
  Expenses:Food:Restaurant                          23.46 USD

2022-04-10 * "Farmer Fresh" "Buying groceries"
  Liabilities:US:Chase:Slate                       -63.81 USD
  Expenses:Food:Groceries                           63.81 USD

2022-04-11 balance Liabilities:US:Chase:Slate    -1316.66 USD

2022-04-11 * "Uncle Boons" "Eating out with Joe"
  Liabilities:US:Chase:Slate                       -45.90 USD
  Expenses:Food:Restaurant                          45.90 USD

2022-04-11 * "Chase:Slate" "Paying off credit card"
  Liabilities:US:Chase:Slate                       883.71 USD
  Assets:US:BofA:Checking                         -883.71 USD

2022-04-14 * "Cafe Modagor" "Eating out after work"
  Liabilities:US:Chase:Slate                       -38.03 USD
  Expenses:Food:Restaurant                          38.03 USD

2022-04-16 * "Cafe Modagor" "Eating out with Bill"
  Liabilities:US:Chase:Slate                       -26.55 USD
  Expenses:Food:Restaurant                          26.55 USD

2022-04-19 * "Goba Goba" "Eating out after work"
  Liabilities:US:Chase:Slate                       -20.01 USD
  Expenses:Food:Restaurant                          20.01 USD

2022-04-21 * "Cafe Modagor" "Eating out alone"
  Liabilities:US:Chase:Slate                       -28.73 USD
  Expenses:Food:Restaurant                          28.73 USD

2022-04-23 * "Goba Goba" "Eating out "
  Liabilities:US:Chase:Slate                       -22.24 USD
  Expenses:Food:Restaurant                          22.24 USD

2022-04-27 * "Onion Market" "Buying groceries"
  Liabilities:US:Chase:Slate                       -83.18 USD
  Expenses:Food:Groceries                           83.18 USD

2022-04-28 * "Cafe Modagor" "Eating out after work"
  Liabilities:US:Chase:Slate                       -37.97 USD
  Expenses:Food:Restaurant                          37.97 USD

2022-05-01 * "Uncle Boons" "Eating out with Joe"
  Liabilities:US:Chase:Slate                       -38.29 USD
  Expenses:Food:Restaurant                          38.29 USD

2022-05-02 * "Chichipotle" "Eating out alone"
  Liabilities:US:Chase:Slate                       -19.52 USD
  Expenses:Food:Restaurant                          19.52 USD

2022-05-02 * "Metro Transport Authority" "Tram tickets"
  Liabilities:US:Chase:Slate                      -120.00 USD
  Expenses:Transport:Tram                          120.00 USD

2022-05-04 * "Chichipotle" "Eating out with Joe"
  Liabilities:US:Chase:Slate                       -41.25 USD
  Expenses:Food:Restaurant                          41.25 USD

2022-05-06 * "Cafe Modagor" "Eating out with Natasha"
  Liabilities:US:Chase:Slate                       -24.27 USD
  Expenses:Food:Restaurant                          24.27 USD

2022-05-07 * "Rose Flower" "Eating out "
  Liabilities:US:Chase:Slate                       -17.95 USD
  Expenses:Food:Restaurant                          17.95 USD

2022-05-07 * "Chase:Slate" "Paying off credit card"
  Liabilities:US:Chase:Slate                       517.99 USD
  Assets:US:BofA:Checking                         -517.99 USD

2022-05-08 * "China Garden" "Eating out with Joe"
  Liabilities:US:Chase:Slate                       -32.16 USD
  Expenses:Food:Restaurant                          32.16 USD

2022-05-10 balance Liabilities:US:Chase:Slate     -511.01 USD

2022-05-12 * "Uncle Boons" "Eating out with work buddies"
  Liabilities:US:Chase:Slate                       -35.83 USD
  Expenses:Food:Restaurant                          35.83 USD

2022-05-17 * "Jewel of Morroco" "Eating out alone"
  Liabilities:US:Chase:Slate                       -35.25 USD
  Expenses:Food:Restaurant                          35.25 USD

2022-05-17 * "Corner Deli" "Buying groceries"
  Liabilities:US:Chase:Slate                       -79.10 USD
  Expenses:Food:Groceries                           79.10 USD

2022-05-20 * "Uncle Boons" "Eating out with work buddies"
  Liabilities:US:Chase:Slate                       -18.66 USD
  Expenses:Food:Restaurant                          18.66 USD

2022-05-23 * "Goba Goba" "Eating out with work buddies"
  Liabilities:US:Chase:Slate                       -29.65 USD
  Expenses:Food:Restaurant                          29.65 USD

2022-05-23 * "Corner Deli" "Buying groceries"
  Liabilities:US:Chase:Slate                       -87.65 USD
  Expenses:Food:Groceries                           87.65 USD

2022-05-27 * "Goba Goba" "Eating out with Natasha"
  Liabilities:US:Chase:Slate                       -21.97 USD
  Expenses:Food:Restaurant                          21.97 USD

2022-05-31 * "Goba Goba" "Eating out with Joe"
  Liabilities:US:Chase:Slate                       -34.67 USD
  Expenses:Food:Restaurant                          34.67 USD

2022-06-02 balance Liabilities:US:Chase:Slate     -853.79 USD

2022-06-03 * "Kin Soy" "Eating out with Joe"
  Liabilities:US:Chase:Slate                       -35.81 USD
  Expenses:Food:Restaurant                          35.81 USD

2022-06-03 * "Metro Transport Authority" "Tram tickets"
  Liabilities:US:Chase:Slate                      -120.00 USD
  Expenses:Transport:Tram                          120.00 USD

2022-06-05 * "Kin Soy" "Eating out with Julie"
  Liabilities:US:Chase:Slate                       -74.41 USD
  Expenses:Food:Restaurant                          74.41 USD

2022-06-07 * "Chase:Slate" "Paying off credit card"
  Liabilities:US:Chase:Slate                       659.53 USD
  Assets:US:BofA:Checking                         -659.53 USD

2022-06-10 * "Uncle Boons" "Eating out with Bill"
  Liabilities:US:Chase:Slate                       -54.37 USD
  Expenses:Food:Restaurant                          54.37 USD

2022-06-11 * "Cafe Modagor" "Eating out with Joe"
  Liabilities:US:Chase:Slate                       -35.84 USD
  Expenses:Food:Restaurant                          35.84 USD

2022-06-12 * "Corner Deli" "Buying groceries"
  Liabilities:US:Chase:Slate                       -66.59 USD
  Expenses:Food:Groceries                           66.59 USD

2022-06-13 * "Cafe Modagor" "Eating out with work buddies"
  Liabilities:US:Chase:Slate                       -20.89 USD
  Expenses:Food:Restaurant                          20.89 USD

2022-06-18 * "Goba Goba" "Eating out with Natasha"
  Liabilities:US:Chase:Slate                       -33.24 USD
  Expenses:Food:Restaurant                          33.24 USD

2022-06-23 * "Jewel of Morroco" "Eating out with work buddies"
  Liabilities:US:Chase:Slate                       -17.72 USD
  Expenses:Food:Restaurant                          17.72 USD

2022-06-27 * "Cafe Modagor" "Eating out with work buddies"
  Liabilities:US:Chase:Slate                       -24.91 USD
  Expenses:Food:Restaurant                          24.91 USD

2022-06-30 * "China Garden" "Eating out alone"
  Liabilities:US:Chase:Slate                       -44.63 USD
  Expenses:Food:Restaurant                          44.63 USD

2022-06-30 * "Good Moods Market" "Buying groceries"
  Liabilities:US:Chase:Slate                       -88.44 USD
  Expenses:Food:Groceries                           88.44 USD

2022-07-02 balance Liabilities:US:Chase:Slate     -811.11 USD

2022-07-03 * "Jewel of Morroco" "Eating out after work"
  Liabilities:US:Chase:Slate                        -9.70 USD
  Expenses:Food:Restaurant                           9.70 USD

2022-07-03 * "Metro Transport Authority" "Tram tickets"
  Liabilities:US:Chase:Slate                      -120.00 USD
  Expenses:Transport:Tram                          120.00 USD

2022-07-07 * "Onion Market" "Buying groceries"
  Liabilities:US:Chase:Slate                      -112.69 USD
  Expenses:Food:Groceries                          112.69 USD

2022-07-08 event "location" "New York"

2022-07-09 * "Uncle Boons" "" #trip-new-york-2022
  Liabilities:US:Chase:Slate                       -33.99 USD
  Expenses:Food:Restaurant                          33.99 USD

2022-07-09 * "Cafe Select" "" #trip-new-york-2022
  Liabilities:US:Chase:Slate                       -27.33 USD
  Expenses:Food:Restaurant                          27.33 USD

2022-07-09 * "Laut" "" #trip-new-york-2022
  Liabilities:US:Chase:Slate                       -33.35 USD
  Expenses:Food:Restaurant                          33.35 USD

2022-07-10 * "Laut" "" #trip-new-york-2022
  Liabilities:US:Chase:Slate                       -32.02 USD
  Expenses:Food:Restaurant                          32.02 USD

2022-07-10 * "La Colombe" "" #trip-new-york-2022
  Liabilities:US:Chase:Slate                        -5.35 USD
  Expenses:Food:Coffee                               5.35 USD

2022-07-10 * "Chase:Slate" "Paying off credit card"
  Liabilities:US:Chase:Slate                       599.65 USD
  Assets:US:BofA:Checking                         -599.65 USD

2022-07-12 * "Cafe Select" "" #trip-new-york-2022
  Liabilities:US:Chase:Slate                       -32.50 USD
  Expenses:Food:Restaurant                          32.50 USD

2022-07-12 * "Gimme! Coffee" "" #trip-new-york-2022
  Liabilities:US:Chase:Slate                        -6.65 USD
  Expenses:Food:Coffee                               6.65 USD

2022-07-14 * "Takahachi" "" #trip-new-york-2022
  Liabilities:US:Chase:Slate                       -46.49 USD
  Expenses:Food:Restaurant                          46.49 USD

2022-07-14 * "Laut" "" #trip-new-york-2022
  Liabilities:US:Chase:Slate                       -28.43 USD
  Expenses:Food:Restaurant                          28.43 USD

2022-07-14 * "La Colombe" "" #trip-new-york-2022
  Liabilities:US:Chase:Slate                        -6.71 USD
  Expenses:Food:Coffee                               6.71 USD

2022-07-15 * "La Colombe" "" #trip-new-york-2022
  Liabilities:US:Chase:Slate                        -5.20 USD
  Expenses:Food:Coffee                               5.20 USD

2022-07-15 * "Gimme! Coffee" "" #trip-new-york-2022
  Liabilities:US:Chase:Slate                        -6.59 USD
  Expenses:Food:Coffee                               6.59 USD

2022-07-16 * "Uncle Boons" "" #trip-new-york-2022
  Liabilities:US:Chase:Slate                       -42.61 USD
  Expenses:Food:Restaurant                          42.61 USD

2022-07-16 * "Cafe Select" "" #trip-new-york-2022
  Liabilities:US:Chase:Slate                       -35.89 USD
  Expenses:Food:Restaurant                          35.89 USD

2022-07-17 * "Cafe Select" "" #trip-new-york-2022
  Liabilities:US:Chase:Slate                       -24.04 USD
  Expenses:Food:Restaurant                          24.04 USD

2022-07-17 * "Takahachi" "" #trip-new-york-2022
  Liabilities:US:Chase:Slate                       -50.76 USD
  Expenses:Food:Restaurant                          50.76 USD

2022-07-18 * "Uncle Boons" "" #trip-new-york-2022
  Liabilities:US:Chase:Slate                       -43.57 USD
  Expenses:Food:Restaurant                          43.57 USD

2022-07-19 * "Takahachi" "" #trip-new-york-2022
  Liabilities:US:Chase:Slate                       -47.88 USD
  Expenses:Food:Restaurant                          47.88 USD

2022-07-19 * "Laut" "" #trip-new-york-2022
  Liabilities:US:Chase:Slate                       -32.44 USD
  Expenses:Food:Restaurant                          32.44 USD

2022-07-21 * "Uncle Boons" "" #trip-new-york-2022
  Liabilities:US:Chase:Slate                       -46.45 USD
  Expenses:Food:Restaurant                          46.45 USD

2022-07-22 * "Laut" "" #trip-new-york-2022
  Liabilities:US:Chase:Slate                       -33.62 USD
  Expenses:Food:Restaurant                          33.62 USD

2022-07-23 * "La Colombe" "" #trip-new-york-2022
  Liabilities:US:Chase:Slate                        -3.59 USD
  Expenses:Food:Coffee                               3.59 USD

2022-07-23 * "Consume vacation days"
  Assets:US:Hooli:Vacation                           -120 VACHR
  Expenses:Vacation                                   120 VACHR

2022-07-23 event "location" "New Metropolis"

2022-07-27 balance Liabilities:US:Chase:Slate    -1079.31 USD

2022-07-27 * "Jewel of Morroco" "Eating out with work buddies"
  Liabilities:US:Chase:Slate                       -25.00 USD
  Expenses:Food:Restaurant                          25.00 USD

2022-07-30 * "Metro Transport Authority" "Tram tickets"
  Liabilities:US:Chase:Slate                      -120.00 USD
  Expenses:Transport:Tram                          120.00 USD

2022-08-01 * "Chichipotle" "Eating out after work"
  Liabilities:US:Chase:Slate                       -25.83 USD
  Expenses:Food:Restaurant                          25.83 USD

2022-08-06 * "Chichipotle" "Eating out with Bill"
  Liabilities:US:Chase:Slate                       -23.16 USD
  Expenses:Food:Restaurant                          23.16 USD

2022-08-08 * "Uncle Boons" "Eating out with Natasha"
  Liabilities:US:Chase:Slate                       -32.18 USD
  Expenses:Food:Restaurant                          32.18 USD

2022-08-08 * "Corner Deli" "Buying groceries"
  Liabilities:US:Chase:Slate                       -51.71 USD
  Expenses:Food:Groceries                           51.71 USD

2022-08-09 * "Jewel of Morroco" "Eating out with Julie"
  Liabilities:US:Chase:Slate                       -30.02 USD
  Expenses:Food:Restaurant                          30.02 USD

2022-08-10 * "Jewel of Morroco" "Eating out with Bill"
  Liabilities:US:Chase:Slate                       -20.95 USD
  Expenses:Food:Restaurant                          20.95 USD

2022-08-11 * "Chase:Slate" "Paying off credit card"
  Liabilities:US:Chase:Slate                       334.33 USD
  Assets:US:BofA:Checking                         -334.33 USD

2022-08-12 * "Kin Soy" "Eating out after work"
  Liabilities:US:Chase:Slate                       -30.48 USD
  Expenses:Food:Restaurant                          30.48 USD

2022-08-13 * "Uncle Boons" "Eating out with work buddies"
  Liabilities:US:Chase:Slate                       -44.72 USD
  Expenses:Food:Restaurant                          44.72 USD

2022-08-14 * "China Garden" "Eating out with Natasha"
  Liabilities:US:Chase:Slate                       -38.71 USD
  Expenses:Food:Restaurant                          38.71 USD

2022-08-17 * "Cafe Modagor" "Eating out with work buddies"
  Liabilities:US:Chase:Slate                       -92.07 USD
  Expenses:Food:Restaurant                          92.07 USD

2022-08-20 balance Liabilities:US:Chase:Slate    -1279.81 USD

2022-08-20 * "Jewel of Morroco" "Eating out with Joe"
  Liabilities:US:Chase:Slate                       -56.34 USD
  Expenses:Food:Restaurant                          56.34 USD

2022-08-22 * "Jewel of Morroco" "Eating out with Julie"
  Liabilities:US:Chase:Slate                       -43.11 USD
  Expenses:Food:Restaurant                          43.11 USD

2022-08-22 * "Corner Deli" "Buying groceries"
  Liabilities:US:Chase:Slate                       -62.15 USD
  Expenses:Food:Groceries                           62.15 USD

2022-08-24 * "Rose Flower" "Eating out after work"
  Liabilities:US:Chase:Slate                       -40.06 USD
  Expenses:Food:Restaurant                          40.06 USD

2022-08-26 * "Uncle Boons" "Eating out with Joe"
  Liabilities:US:Chase:Slate                       -27.37 USD
  Expenses:Food:Restaurant                          27.37 USD

2022-08-29 * "China Garden" "Eating out with work buddies"
  Liabilities:US:Chase:Slate                       -20.17 USD
  Expenses:Food:Restaurant                          20.17 USD

2022-08-31 * "Metro Transport Authority" "Tram tickets"
  Liabilities:US:Chase:Slate                      -120.00 USD
  Expenses:Transport:Tram                          120.00 USD

2022-09-03 * "Rose Flower" "Eating out with work buddies"
  Liabilities:US:Chase:Slate                       -25.99 USD
  Expenses:Food:Restaurant                          25.99 USD

2022-09-06 * "Corner Deli" "Buying groceries"
  Liabilities:US:Chase:Slate                       -54.03 USD
  Expenses:Food:Groceries                           54.03 USD

2022-09-07 * "Kin Soy" "Eating out after work"
  Liabilities:US:Chase:Slate                       -51.60 USD
  Expenses:Food:Restaurant                          51.60 USD

2022-09-10 * "Chase:Slate" "Paying off credit card"
  Liabilities:US:Chase:Slate                       721.87 USD
  Assets:US:BofA:Checking                         -721.87 USD

2022-09-12 * "Jewel of Morroco" "Eating out after work"
  Liabilities:US:Chase:Slate                       -45.55 USD
  Expenses:Food:Restaurant                          45.55 USD

2022-09-14 * "Uncle Boons" "Eating out with Bill"
  Liabilities:US:Chase:Slate                       -16.36 USD
  Expenses:Food:Restaurant                          16.36 USD

2022-09-19 balance Liabilities:US:Chase:Slate    -1120.67 USD

2022-09-19 * "Chichipotle" "Eating out alone"
  Liabilities:US:Chase:Slate                       -33.67 USD
  Expenses:Food:Restaurant                          33.67 USD

2022-09-22 * "Rose Flower" "Eating out after work"
  Liabilities:US:Chase:Slate                       -19.11 USD
  Expenses:Food:Restaurant                          19.11 USD

2022-09-24 * "China Garden" "Eating out with Joe"
  Liabilities:US:Chase:Slate                       -28.42 USD
  Expenses:Food:Restaurant                          28.42 USD

2022-09-26 * "Onion Market" "Buying groceries"
  Liabilities:US:Chase:Slate                       -58.87 USD
  Expenses:Food:Groceries                           58.87 USD

2022-09-27 * "Kin Soy" "Eating out with Joe"
  Liabilities:US:Chase:Slate                       -20.39 USD
  Expenses:Food:Restaurant                          20.39 USD

2022-09-29 * "Metro Transport Authority" "Tram tickets"
  Liabilities:US:Chase:Slate                      -120.00 USD
  Expenses:Transport:Tram                          120.00 USD

2022-10-01 * "Jewel of Morroco" "Eating out with Joe"
  Liabilities:US:Chase:Slate                       -24.78 USD
  Expenses:Food:Restaurant                          24.78 USD

2022-10-05 * "Rose Flower" "Eating out after work"
  Liabilities:US:Chase:Slate                       -16.41 USD
  Expenses:Food:Restaurant                          16.41 USD

2022-10-05 * "Farmer Fresh" "Buying groceries"
  Liabilities:US:Chase:Slate                      -102.34 USD
  Expenses:Food:Groceries                          102.34 USD

2022-10-08 * "Chase:Slate" "Paying off credit card"
  Liabilities:US:Chase:Slate                       487.08 USD
  Assets:US:BofA:Checking                         -487.08 USD

2022-10-09 * "Goba Goba" "Eating out after work"
  Liabilities:US:Chase:Slate                       -46.73 USD
  Expenses:Food:Restaurant                          46.73 USD

2022-10-12 * "Farmer Fresh" "Buying groceries"
  Liabilities:US:Chase:Slate                      -109.56 USD
  Expenses:Food:Groceries                          109.56 USD

2022-10-14 * "Rose Flower" "Eating out "
  Liabilities:US:Chase:Slate                       -45.22 USD
  Expenses:Food:Restaurant                          45.22 USD

2022-10-15 balance Liabilities:US:Chase:Slate    -1259.09 USD

2022-10-19 * "Goba Goba" "Eating out with Joe"
  Liabilities:US:Chase:Slate                       -27.15 USD
  Expenses:Food:Restaurant                          27.15 USD

2022-10-22 * "Cafe Modagor" "Eating out "
  Liabilities:US:Chase:Slate                       -35.70 USD
  Expenses:Food:Restaurant                          35.70 USD

2022-10-23 * "Uncle Boons" "Eating out after work"
  Liabilities:US:Chase:Slate                       -48.08 USD
  Expenses:Food:Restaurant                          48.08 USD

2022-10-27 * "Uncle Boons" "Eating out after work"
  Liabilities:US:Chase:Slate                       -61.09 USD
  Expenses:Food:Restaurant                          61.09 USD

2022-10-29 * "Cafe Modagor" "Eating out with Julie"
  Liabilities:US:Chase:Slate                       -31.33 USD
  Expenses:Food:Restaurant                          31.33 USD

2022-10-30 * "Farmer Fresh" "Buying groceries"
  Liabilities:US:Chase:Slate                       -91.63 USD
  Expenses:Food:Groceries                           91.63 USD

2022-10-31 * "Metro Transport Authority" "Tram tickets"
  Liabilities:US:Chase:Slate                      -120.00 USD
  Expenses:Transport:Tram                          120.00 USD

2022-11-03 * "Cafe Modagor" "Eating out "
  Liabilities:US:Chase:Slate                       -18.39 USD
  Expenses:Food:Restaurant                          18.39 USD

2022-11-08 * "Goba Goba" "Eating out with Joe"
  Liabilities:US:Chase:Slate                       -50.98 USD
  Expenses:Food:Restaurant                          50.98 USD

2022-11-09 * "Chase:Slate" "Paying off credit card"
  Liabilities:US:Chase:Slate                       675.25 USD
  Assets:US:BofA:Checking                         -675.25 USD

2022-11-10 * "Uncle Boons" "Eating out after work"
  Liabilities:US:Chase:Slate                       -36.12 USD
  Expenses:Food:Restaurant                          36.12 USD

2022-11-10 * "Corner Deli" "Buying groceries"
  Liabilities:US:Chase:Slate                       -62.83 USD
  Expenses:Food:Groceries                           62.83 USD

2022-11-11 balance Liabilities:US:Chase:Slate    -1167.14 USD

2022-11-12 * "Goba Goba" "Eating out after work"
  Liabilities:US:Chase:Slate                       -15.75 USD
  Expenses:Food:Restaurant                          15.75 USD

2022-11-14 * "Jewel of Morroco" "Eating out alone"
  Liabilities:US:Chase:Slate                       -46.69 USD
  Expenses:Food:Restaurant                          46.69 USD

2022-11-19 * "Rose Flower" "Eating out with Bill"
  Liabilities:US:Chase:Slate                       -27.39 USD
  Expenses:Food:Restaurant                          27.39 USD

2022-11-21 * "Goba Goba" "Eating out with work buddies"
  Liabilities:US:Chase:Slate                       -19.60 USD
  Expenses:Food:Restaurant                          19.60 USD

2022-11-23 * "Kin Soy" "Eating out with work buddies"
  Liabilities:US:Chase:Slate                       -37.40 USD
  Expenses:Food:Restaurant                          37.40 USD

2022-11-24 * "Good Moods Market" "Buying groceries"
  Liabilities:US:Chase:Slate                       -62.75 USD
  Expenses:Food:Groceries                           62.75 USD

2022-11-28 * "Jewel of Morroco" "Eating out with Bill"
  Liabilities:US:Chase:Slate                       -22.49 USD
  Expenses:Food:Restaurant                          22.49 USD

2022-11-28 * "Metro Transport Authority" "Tram tickets"
  Liabilities:US:Chase:Slate                      -120.00 USD
  Expenses:Transport:Tram                          120.00 USD

2022-11-30 * "Chichipotle" "Eating out with Bill"
  Liabilities:US:Chase:Slate                       -41.15 USD
  Expenses:Food:Restaurant                          41.15 USD

2022-12-02 balance Liabilities:US:Chase:Slate    -1560.36 USD

2022-12-03 * "Goba Goba" "Eating out with work buddies"
  Liabilities:US:Chase:Slate                       -21.07 USD
  Expenses:Food:Restaurant                          21.07 USD

2022-12-05 * "Rose Flower" "Eating out "
  Liabilities:US:Chase:Slate                       -21.08 USD
  Expenses:Food:Restaurant                          21.08 USD

2022-12-06 event "location" "San Francisco"

2022-12-07 * "Starbucks" "" #trip-san-francisco-2022
  Liabilities:US:Chase:Slate                        -5.32 USD
  Expenses:Food:Coffee                               5.32 USD

2022-12-07 * "Chase:Slate" "Paying off credit card"
  Liabilities:US:Chase:Slate                       518.01 USD
  Assets:US:BofA:Checking                         -518.01 USD

2022-12-10 * "Bar Crudo" "" #trip-san-francisco-2022
  Liabilities:US:Chase:Slate                       -68.31 USD
  Expenses:Food:Restaurant                          68.31 USD

2022-12-10 * "Mission Chinese Food" "" #trip-san-francisco-2022
  Liabilities:US:Chase:Slate                       -28.54 USD
  Expenses:Food:Restaurant                          28.54 USD

2022-12-11 * "Pizza Delfina" "" #trip-san-francisco-2022
  Liabilities:US:Chase:Slate                       -19.16 USD
  Expenses:Food:Restaurant                          19.16 USD

2022-12-11 * "Waterbar" "" #trip-san-francisco-2022
  Liabilities:US:Chase:Slate                       -44.95 USD
  Expenses:Food:Restaurant                          44.95 USD

2022-12-11 * "Mission Chinese Food" "" #trip-san-francisco-2022
  Liabilities:US:Chase:Slate                       -30.02 USD
  Expenses:Food:Restaurant                          30.02 USD

2022-12-11 * "Starbucks" "" #trip-san-francisco-2022
  Liabilities:US:Chase:Slate                        -5.74 USD
  Expenses:Food:Coffee                               5.74 USD

2022-12-13 * "Bar Crudo" "" #trip-san-francisco-2022
  Liabilities:US:Chase:Slate                       -62.69 USD
  Expenses:Food:Restaurant                          62.69 USD

2022-12-13 * "Mission Chinese Food" "" #trip-san-francisco-2022
  Liabilities:US:Chase:Slate                       -30.05 USD
  Expenses:Food:Restaurant                          30.05 USD

2022-12-14 * "Bar Crudo" "" #trip-san-francisco-2022
  Liabilities:US:Chase:Slate                       -69.53 USD
  Expenses:Food:Restaurant                          69.53 USD

2022-12-14 * "Starbucks" "" #trip-san-francisco-2022
  Liabilities:US:Chase:Slate                        -6.13 USD
  Expenses:Food:Coffee                               6.13 USD

2022-12-15 * "Mission Chinese Food" "" #trip-san-francisco-2022
  Liabilities:US:Chase:Slate                       -18.32 USD
  Expenses:Food:Restaurant                          18.32 USD

2022-12-16 * "Pizza Delfina" "" #trip-san-francisco-2022
  Liabilities:US:Chase:Slate                       -18.09 USD
  Expenses:Food:Restaurant                          18.09 USD

2022-12-16 * "Waterbar" "" #trip-san-francisco-2022
  Liabilities:US:Chase:Slate                       -48.28 USD
  Expenses:Food:Restaurant                          48.28 USD

2022-12-17 * "Bar Crudo" "" #trip-san-francisco-2022
  Liabilities:US:Chase:Slate                       -76.45 USD
  Expenses:Food:Restaurant                          76.45 USD

2022-12-17 * "Starbucks" "" #trip-san-francisco-2022
  Liabilities:US:Chase:Slate                        -4.83 USD
  Expenses:Food:Coffee                               4.83 USD

2022-12-19 * "Bar Crudo" "" #trip-san-francisco-2022
  Liabilities:US:Chase:Slate                       -55.12 USD
  Expenses:Food:Restaurant                          55.12 USD

2022-12-19 * "Pizza Delfina" "" #trip-san-francisco-2022
  Liabilities:US:Chase:Slate                       -20.61 USD
  Expenses:Food:Restaurant                          20.61 USD

2022-12-20 * "China Garden" "Eating out alone"
  Liabilities:US:Chase:Slate                       -19.81 USD
  Expenses:Food:Restaurant                          19.81 USD

2022-12-20 * "Pizza Delfina" "" #trip-san-francisco-2022
  Liabilities:US:Chase:Slate                       -19.23 USD
  Expenses:Food:Restaurant                          19.23 USD

2022-12-20 * "Starbucks" "" #trip-san-francisco-2022
  Liabilities:US:Chase:Slate                        -6.37 USD
  Expenses:Food:Coffee                               6.37 USD

2022-12-20 * "Consume vacation days"
  Assets:US:Hooli:Vacation                           -112 VACHR
  Expenses:Vacation                                   112 VACHR

2022-12-20 event "location" "New Metropolis"

2022-12-23 * "Uncle Boons" "Eating out "
  Liabilities:US:Chase:Slate                       -45.75 USD
  Expenses:Food:Restaurant                          45.75 USD

2022-12-25 balance Liabilities:US:Chase:Slate    -1787.80 USD

2022-12-28 * "China Garden" "Eating out with Julie"
  Liabilities:US:Chase:Slate                       -36.16 USD
  Expenses:Food:Restaurant                          36.16 USD

2022-12-29 * "Jewel of Morroco" "Eating out after work"
  Liabilities:US:Chase:Slate                       -54.06 USD
  Expenses:Food:Restaurant                          54.06 USD

2022-12-31 * "Jewel of Morroco" "Eating out alone"
  Liabilities:US:Chase:Slate                       -24.80 USD
  Expenses:Food:Restaurant                          24.80 USD

2022-12-31 * "Metro Transport Authority" "Tram tickets"
  Liabilities:US:Chase:Slate                      -120.00 USD
  Expenses:Transport:Tram                          120.00 USD

2023-01-02 * "Farmer Fresh" "Buying groceries"
  Liabilities:US:Chase:Slate                       -47.17 USD
  Expenses:Food:Groceries                           47.17 USD

2023-01-05 * "China Garden" "Eating out with work buddies"
  Liabilities:US:Chase:Slate                       -20.93 USD
  Expenses:Food:Restaurant                          20.93 USD

2023-01-06 * "Cafe Modagor" "Eating out after work"
  Liabilities:US:Chase:Slate                       -31.90 USD
  Expenses:Food:Restaurant                          31.90 USD

2023-01-07 * "Cafe Modagor" "Eating out with Natasha"
  Liabilities:US:Chase:Slate                       -22.42 USD
  Expenses:Food:Restaurant                          22.42 USD

2023-01-08 * "Chichipotle" "Eating out with work buddies"
  Liabilities:US:Chase:Slate                       -31.81 USD
  Expenses:Food:Restaurant                          31.81 USD

2023-01-11 * "Chase:Slate" "Paying off credit card"
  Liabilities:US:Chase:Slate                       481.29 USD
  Assets:US:BofA:Checking                         -481.29 USD

2023-01-13 * "Rose Flower" "Eating out with Joe"
  Liabilities:US:Chase:Slate                       -46.29 USD
  Expenses:Food:Restaurant                          46.29 USD

2023-01-13 * "Farmer Fresh" "Buying groceries"
  Liabilities:US:Chase:Slate                       -59.06 USD
  Expenses:Food:Groceries                           59.06 USD

2023-01-17 * "Kin Soy" "Eating out with Joe"
  Liabilities:US:Chase:Slate                       -27.11 USD
  Expenses:Food:Restaurant                          27.11 USD

2023-01-18 * "Corner Deli" "Buying groceries"
  Liabilities:US:Chase:Slate                       -42.62 USD
  Expenses:Food:Groceries                           42.62 USD

2023-01-21 * "Jewel of Morroco" "Eating out with Bill"
  Liabilities:US:Chase:Slate                       -46.95 USD
  Expenses:Food:Restaurant                          46.95 USD

2023-01-22 balance Liabilities:US:Chase:Slate    -1917.79 USD

2023-01-24 * "Goba Goba" "Eating out alone"
  Liabilities:US:Chase:Slate                       -18.60 USD
  Expenses:Food:Restaurant                          18.60 USD

2023-01-27 * "Goba Goba" "Eating out "
  Liabilities:US:Chase:Slate                       -44.55 USD
  Expenses:Food:Restaurant                          44.55 USD

2023-01-28 * "Cafe Modagor" "Eating out with Joe"
  Liabilities:US:Chase:Slate                       -30.97 USD
  Expenses:Food:Restaurant                          30.97 USD

2023-01-30 * "Farmer Fresh" "Buying groceries"
  Liabilities:US:Chase:Slate                       -99.79 USD
  Expenses:Food:Groceries                           99.79 USD

2023-01-30 * "Metro Transport Authority" "Tram tickets"
  Liabilities:US:Chase:Slate                      -120.00 USD
  Expenses:Transport:Tram                          120.00 USD

2023-01-31 * "China Garden" "Eating out with Bill"
  Liabilities:US:Chase:Slate                       -30.86 USD
  Expenses:Food:Restaurant                          30.86 USD

2023-02-02 * "Chichipotle" "Eating out with work buddies"
  Liabilities:US:Chase:Slate                       -33.06 USD
  Expenses:Food:Restaurant                          33.06 USD

2023-02-03 * "Goba Goba" "Eating out with work buddies"
  Liabilities:US:Chase:Slate                       -24.08 USD
  Expenses:Food:Restaurant                          24.08 USD

2023-02-04 * "Goba Goba" "Eating out after work"
  Liabilities:US:Chase:Slate                       -27.91 USD
  Expenses:Food:Restaurant                          27.91 USD

2023-02-05 * "Kin Soy" "Eating out with work buddies"
  Liabilities:US:Chase:Slate                       -24.70 USD
  Expenses:Food:Restaurant                          24.70 USD

2023-02-09 * "Chase:Slate" "Paying off credit card"
  Liabilities:US:Chase:Slate                       660.66 USD
  Assets:US:BofA:Checking                         -660.66 USD

2023-02-10 * "Rose Flower" "Eating out with Julie"
  Liabilities:US:Chase:Slate                       -30.40 USD
  Expenses:Food:Restaurant                          30.40 USD

2023-02-13 * "Jewel of Morroco" "Eating out with Joe"
  Liabilities:US:Chase:Slate                       -26.59 USD
  Expenses:Food:Restaurant                          26.59 USD

2023-02-14 balance Liabilities:US:Chase:Slate    -1768.64 USD

2023-02-16 * "Rose Flower" "Eating out with Joe"
  Liabilities:US:Chase:Slate                       -22.10 USD
  Expenses:Food:Restaurant                          22.10 USD

2023-02-17 * "Rose Flower" "Eating out with Julie"
  Liabilities:US:Chase:Slate                       -34.71 USD
  Expenses:Food:Restaurant                          34.71 USD

2023-02-19 * "Farmer Fresh" "Buying groceries"
  Liabilities:US:Chase:Slate                       -93.77 USD
  Expenses:Food:Groceries                           93.77 USD

2023-02-20 * "Uncle Boons" "Eating out with Natasha"
  Liabilities:US:Chase:Slate                       -24.97 USD
  Expenses:Food:Restaurant                          24.97 USD

2023-02-23 * "Chichipotle" "Eating out with work buddies"
  Liabilities:US:Chase:Slate                       -33.90 USD
  Expenses:Food:Restaurant                          33.90 USD

2023-02-25 * "Onion Market" "Buying groceries"
  Liabilities:US:Chase:Slate                       -83.65 USD
  Expenses:Food:Groceries                           83.65 USD

2023-02-28 * "Cafe Modagor" "Eating out "
  Liabilities:US:Chase:Slate                       -29.92 USD
  Expenses:Food:Restaurant                          29.92 USD

2023-03-01 * "Kin Soy" "Eating out with work buddies"
  Liabilities:US:Chase:Slate                       -43.03 USD
  Expenses:Food:Restaurant                          43.03 USD

2023-03-03 * "Metro Transport Authority" "Tram tickets"
  Liabilities:US:Chase:Slate                      -120.00 USD
  Expenses:Transport:Tram                          120.00 USD

2023-03-04 * "Good Moods Market" "Buying groceries"
  Liabilities:US:Chase:Slate                       -68.94 USD
  Expenses:Food:Groceries                           68.94 USD

2023-03-05 * "Rose Flower" "Eating out with Julie"
  Liabilities:US:Chase:Slate                       -32.15 USD
  Expenses:Food:Restaurant                          32.15 USD

2023-03-07 balance Liabilities:US:Chase:Slate    -2355.78 USD

2023-03-08 * "Chase:Slate" "Paying off credit card"
  Liabilities:US:Chase:Slate                       662.30 USD
  Assets:US:BofA:Checking                         -662.30 USD

2023-03-10 * "Kin Soy" "Eating out with Joe"
  Liabilities:US:Chase:Slate                       -48.57 USD
  Expenses:Food:Restaurant                          48.57 USD

2023-03-14 * "Rose Flower" "Eating out alone"
  Liabilities:US:Chase:Slate                       -39.32 USD
  Expenses:Food:Restaurant                          39.32 USD

2023-03-17 * "China Garden" "Eating out with Julie"
  Liabilities:US:Chase:Slate                       -34.65 USD
  Expenses:Food:Restaurant                          34.65 USD

2023-03-19 * "Kin Soy" "Eating out with Bill"
  Liabilities:US:Chase:Slate                       -17.47 USD
  Expenses:Food:Restaurant                          17.47 USD

2023-03-19 * "Good Moods Market" "Buying groceries"
  Liabilities:US:Chase:Slate                       -59.97 USD
  Expenses:Food:Groceries                           59.97 USD

2023-03-23 * "Uncle Boons" "Eating out with Natasha"
  Liabilities:US:Chase:Slate                       -93.92 USD
  Expenses:Food:Restaurant                          93.92 USD

2023-03-24 * "Uncle Boons" "Eating out with work buddies"
  Liabilities:US:Chase:Slate                       -16.20 USD
  Expenses:Food:Restaurant                          16.20 USD

2023-03-26 * "Goba Goba" "Eating out with Joe"
  Liabilities:US:Chase:Slate                       -53.50 USD
  Expenses:Food:Restaurant                          53.50 USD

2023-03-29 * "Kin Soy" "Eating out with work buddies"
  Liabilities:US:Chase:Slate                       -59.52 USD
  Expenses:Food:Restaurant                          59.52 USD

2023-03-31 * "Chichipotle" "Eating out alone"
  Liabilities:US:Chase:Slate                       -31.94 USD
  Expenses:Food:Restaurant                          31.94 USD

2023-04-01 * "Onion Market" "Buying groceries"
  Liabilities:US:Chase:Slate                       -71.26 USD
  Expenses:Food:Groceries                           71.26 USD

2023-04-01 * "Metro Transport Authority" "Tram tickets"
  Liabilities:US:Chase:Slate                      -120.00 USD
  Expenses:Transport:Tram                          120.00 USD

2023-04-03 * "Rose Flower" "Eating out after work"
  Liabilities:US:Chase:Slate                       -31.12 USD
  Expenses:Food:Restaurant                          31.12 USD

2023-04-04 balance Liabilities:US:Chase:Slate    -2370.92 USD

2023-04-05 * "China Garden" "Eating out with Joe"
  Liabilities:US:Chase:Slate                       -14.55 USD
  Expenses:Food:Restaurant                          14.55 USD

2023-04-08 * "Cafe Modagor" "Eating out with work buddies"
  Liabilities:US:Chase:Slate                       -41.54 USD
  Expenses:Food:Restaurant                          41.54 USD

2023-04-09 * "Chase:Slate" "Paying off credit card"
  Liabilities:US:Chase:Slate                       721.31 USD
  Assets:US:BofA:Checking                         -721.31 USD

2023-04-11 * "Uncle Boons" "Eating out with work buddies"
  Liabilities:US:Chase:Slate                       -36.35 USD
  Expenses:Food:Restaurant                          36.35 USD

2023-04-13 * "Cafe Modagor" "Eating out with Natasha"
  Liabilities:US:Chase:Slate                       -42.98 USD
  Expenses:Food:Restaurant                          42.98 USD

2023-04-15 * "Jewel of Morroco" "Eating out alone"
  Liabilities:US:Chase:Slate                       -21.00 USD
  Expenses:Food:Restaurant                          21.00 USD

2023-04-16 * "Jewel of Morroco" "Eating out "
  Liabilities:US:Chase:Slate                       -29.07 USD
  Expenses:Food:Restaurant                          29.07 USD

2023-04-19 * "Farmer Fresh" "Buying groceries"
  Liabilities:US:Chase:Slate                       -50.12 USD
  Expenses:Food:Groceries                           50.12 USD

2023-04-21 * "Jewel of Morroco" "Eating out with work buddies"
  Liabilities:US:Chase:Slate                       -17.17 USD
  Expenses:Food:Restaurant                          17.17 USD

2023-04-25 * "Cafe Modagor" "Eating out "
  Liabilities:US:Chase:Slate                       -38.99 USD
  Expenses:Food:Restaurant                          38.99 USD

2023-04-26 balance Liabilities:US:Chase:Slate    -1941.38 USD

2023-04-26 * "Chichipotle" "Eating out with Natasha"
  Liabilities:US:Chase:Slate                       -42.39 USD
  Expenses:Food:Restaurant                          42.39 USD

2023-04-28 * "Metro Transport Authority" "Tram tickets"
  Liabilities:US:Chase:Slate                      -120.00 USD
  Expenses:Transport:Tram                          120.00 USD

2023-04-29 * "Cafe Modagor" "Eating out with Julie"
  Liabilities:US:Chase:Slate                       -32.59 USD
  Expenses:Food:Restaurant                          32.59 USD

2023-05-04 * "Rose Flower" "Eating out with Natasha"
  Liabilities:US:Chase:Slate                       -16.10 USD
  Expenses:Food:Restaurant                          16.10 USD

2023-05-08 * "Corner Deli" "Buying groceries"
  Liabilities:US:Chase:Slate                       -73.52 USD
  Expenses:Food:Groceries                           73.52 USD

2023-05-08 * "Chase:Slate" "Paying off credit card"
  Liabilities:US:Chase:Slate                       483.93 USD
  Assets:US:BofA:Checking                         -483.93 USD

2023-05-09 * "Kin Soy" "Eating out with work buddies"
  Liabilities:US:Chase:Slate                       -41.01 USD
  Expenses:Food:Restaurant                          41.01 USD

2023-05-14 * "Uncle Boons" "Eating out with Julie"
  Liabilities:US:Chase:Slate                       -17.14 USD
  Expenses:Food:Restaurant                          17.14 USD

2023-05-15 event "location" "San Francisco"

2023-05-16 balance Liabilities:US:Chase:Slate    -1800.20 USD

2023-05-17 * "Bar Crudo" "" #trip-san-francisco-2023
  Liabilities:US:Chase:Slate                       -57.33 USD
  Expenses:Food:Restaurant                          57.33 USD

2023-05-17 * "Starbucks" "" #trip-san-francisco-2023
  Liabilities:US:Chase:Slate                        -6.22 USD
  Expenses:Food:Coffee                               6.22 USD

2023-05-18 * "Waterbar" "" #trip-san-francisco-2023
  Liabilities:US:Chase:Slate                       -53.34 USD
  Expenses:Food:Restaurant                          53.34 USD

2023-05-18 * "Mission Chinese Food" "" #trip-san-francisco-2023
  Liabilities:US:Chase:Slate                       -31.73 USD
  Expenses:Food:Restaurant                          31.73 USD

2023-05-18 * "Starbucks" "" #trip-san-francisco-2023
  Liabilities:US:Chase:Slate                        -5.03 USD
  Expenses:Food:Coffee                               5.03 USD

2023-05-19 * "Starbucks" "" #trip-san-francisco-2023
  Liabilities:US:Chase:Slate                        -6.13 USD
  Expenses:Food:Coffee                               6.13 USD

2023-05-20 * "Bar Crudo" "" #trip-san-francisco-2023
  Liabilities:US:Chase:Slate                       -85.01 USD
  Expenses:Food:Restaurant                          85.01 USD

2023-05-20 * "Pizza Delfina" "" #trip-san-francisco-2023
  Liabilities:US:Chase:Slate                       -22.82 USD
  Expenses:Food:Restaurant                          22.82 USD

2023-05-21 * "Bar Crudo" "" #trip-san-francisco-2023
  Liabilities:US:Chase:Slate                       -76.54 USD
  Expenses:Food:Restaurant                          76.54 USD

2023-05-21 * "Pizza Delfina" "" #trip-san-francisco-2023
  Liabilities:US:Chase:Slate                       -19.68 USD
  Expenses:Food:Restaurant                          19.68 USD

2023-05-21 * "Starbucks" "" #trip-san-francisco-2023
  Liabilities:US:Chase:Slate                        -6.18 USD
  Expenses:Food:Coffee                               6.18 USD

2023-05-22 * "Mission Chinese Food" "" #trip-san-francisco-2023
  Liabilities:US:Chase:Slate                       -28.17 USD
  Expenses:Food:Restaurant                          28.17 USD

2023-05-22 * "Starbucks" "" #trip-san-francisco-2023
  Liabilities:US:Chase:Slate                        -7.38 USD
  Expenses:Food:Coffee                               7.38 USD

2023-05-23 * "Bar Crudo" "" #trip-san-francisco-2023
  Liabilities:US:Chase:Slate                       -74.75 USD
  Expenses:Food:Restaurant                          74.75 USD

2023-05-23 * "Pizza Delfina" "" #trip-san-francisco-2023
  Liabilities:US:Chase:Slate                       -17.41 USD
  Expenses:Food:Restaurant                          17.41 USD

2023-05-23 * "Starbucks" "" #trip-san-francisco-2023
  Liabilities:US:Chase:Slate                        -5.41 USD
  Expenses:Food:Coffee                               5.41 USD

2023-05-24 * "Pizza Delfina" "" #trip-san-francisco-2023
  Liabilities:US:Chase:Slate                       -23.47 USD
  Expenses:Food:Restaurant                          23.47 USD

2023-05-24 * "Mission Chinese Food" "" #trip-san-francisco-2023
  Liabilities:US:Chase:Slate                       -28.75 USD
  Expenses:Food:Restaurant                          28.75 USD

2023-05-25 * "Bar Crudo" "" #trip-san-francisco-2023
  Liabilities:US:Chase:Slate                       -69.38 USD
  Expenses:Food:Restaurant                          69.38 USD

2023-05-25 * "Pizza Delfina" "" #trip-san-francisco-2023
  Liabilities:US:Chase:Slate                       -20.01 USD
  Expenses:Food:Restaurant                          20.01 USD

2023-05-25 * "Mission Chinese Food" "" #trip-san-francisco-2023
  Liabilities:US:Chase:Slate                       -28.36 USD
  Expenses:Food:Restaurant                          28.36 USD

2023-05-27 * "Bar Crudo" "" #trip-san-francisco-2023
  Liabilities:US:Chase:Slate                       -68.28 USD
  Expenses:Food:Restaurant                          68.28 USD

2023-05-27 * "Pizza Delfina" "" #trip-san-francisco-2023
  Liabilities:US:Chase:Slate                       -21.40 USD
  Expenses:Food:Restaurant                          21.40 USD

2023-05-28 * "Starbucks" "" #trip-san-francisco-2023
  Liabilities:US:Chase:Slate                        -5.60 USD
  Expenses:Food:Coffee                               5.60 USD

2023-05-29 * "Pizza Delfina" "" #trip-san-francisco-2023
  Liabilities:US:Chase:Slate                       -20.68 USD
  Expenses:Food:Restaurant                          20.68 USD

2023-05-29 * "Starbucks" "" #trip-san-francisco-2023
  Liabilities:US:Chase:Slate                        -7.26 USD
  Expenses:Food:Coffee                               7.26 USD

2023-05-30 * "Bar Crudo" "" #trip-san-francisco-2023
  Liabilities:US:Chase:Slate                       -74.07 USD
  Expenses:Food:Restaurant                          74.07 USD

2023-05-31 * "Waterbar" "" #trip-san-francisco-2023
  Liabilities:US:Chase:Slate                       -44.34 USD
  Expenses:Food:Restaurant                          44.34 USD

2023-06-01 * "Corner Deli" "Buying groceries"
  Liabilities:US:Chase:Slate                      -128.35 USD
  Expenses:Food:Groceries                          128.35 USD

2023-06-01 * "Waterbar" "" #trip-san-francisco-2023
  Liabilities:US:Chase:Slate                       -52.67 USD
  Expenses:Food:Restaurant                          52.67 USD

2023-06-01 * "Mission Chinese Food" "" #trip-san-francisco-2023
  Liabilities:US:Chase:Slate                       -23.69 USD
  Expenses:Food:Restaurant                          23.69 USD

2023-06-01 * "Consume vacation days"
  Assets:US:Hooli:Vacation                           -136 VACHR
  Expenses:Vacation                                   136 VACHR

2023-06-01 event "location" "New Metropolis"

2023-06-02 * "Chichipotle" "Eating out with Joe"
  Liabilities:US:Chase:Slate                       -14.66 USD
  Expenses:Food:Restaurant                          14.66 USD

2023-06-06 balance Liabilities:US:Chase:Slate    -2934.30 USD

2023-06-06 * "Uncle Boons" "Eating out with work buddies"
  Liabilities:US:Chase:Slate                       -19.00 USD
  Expenses:Food:Restaurant                          19.00 USD

2023-06-08 * "Chase:Slate" "Paying off credit card"
  Liabilities:US:Chase:Slate                       321.04 USD
  Assets:US:BofA:Checking                         -321.04 USD

2023-06-09 * "Onion Market" "Buying groceries"
  Liabilities:US:Chase:Slate                      -100.88 USD
  Expenses:Food:Groceries                          100.88 USD

2023-06-10 * "Chichipotle" "Eating out after work"
  Liabilities:US:Chase:Slate                       -50.78 USD
  Expenses:Food:Restaurant                          50.78 USD

2023-06-14 * "Jewel of Morroco" "Eating out with Natasha"
  Liabilities:US:Chase:Slate                       -17.14 USD
  Expenses:Food:Restaurant                          17.14 USD

2023-06-17 * "Jewel of Morroco" "Eating out alone"
  Liabilities:US:Chase:Slate                       -34.68 USD
  Expenses:Food:Restaurant                          34.68 USD

2023-06-20 * "Chichipotle" "Eating out with Joe"
  Liabilities:US:Chase:Slate                       -22.25 USD
  Expenses:Food:Restaurant                          22.25 USD

2023-06-24 * "Jewel of Morroco" "Eating out with Natasha"
  Liabilities:US:Chase:Slate                       -66.20 USD
  Expenses:Food:Restaurant                          66.20 USD

2023-06-26 * "Chichipotle" "Eating out after work"
  Liabilities:US:Chase:Slate                       -28.61 USD
  Expenses:Food:Restaurant                          28.61 USD

2023-06-26 * "Metro Transport Authority" "Tram tickets"
  Liabilities:US:Chase:Slate                      -120.00 USD
  Expenses:Transport:Tram                          120.00 USD

2023-06-27 * "Farmer Fresh" "Buying groceries"
  Liabilities:US:Chase:Slate                      -118.87 USD
  Expenses:Food:Groceries                          118.87 USD

2023-06-30 * "Rose Flower" "Eating out with Joe"
  Liabilities:US:Chase:Slate                       -25.35 USD
  Expenses:Food:Restaurant                          25.35 USD

2023-07-02 * "China Garden" "Eating out with Bill"
  Liabilities:US:Chase:Slate                       -28.31 USD
  Expenses:Food:Restaurant                          28.31 USD

2023-07-04 balance Liabilities:US:Chase:Slate    -3245.33 USD

2023-07-07 * "Cafe Modagor" "Eating out with Bill"
  Liabilities:US:Chase:Slate                       -46.02 USD
  Expenses:Food:Restaurant                          46.02 USD

2023-07-08 * "Chase:Slate" "Paying off credit card"
  Liabilities:US:Chase:Slate                       589.70 USD
  Assets:US:BofA:Checking                         -589.70 USD

2023-07-09 * "Chichipotle" "Eating out after work"
  Liabilities:US:Chase:Slate                       -31.49 USD
  Expenses:Food:Restaurant                          31.49 USD

2023-07-11 * "China Garden" "Eating out with Julie"
  Liabilities:US:Chase:Slate                       -11.03 USD
  Expenses:Food:Restaurant                          11.03 USD

2023-07-14 * "Corner Deli" "Buying groceries"
  Liabilities:US:Chase:Slate                       -77.11 USD
  Expenses:Food:Groceries                           77.11 USD

2023-07-15 * "Jewel of Morroco" "Eating out with Joe"
  Liabilities:US:Chase:Slate                       -35.65 USD
  Expenses:Food:Restaurant                          35.65 USD

2023-07-20 * "Uncle Boons" "Eating out with work buddies"
  Liabilities:US:Chase:Slate                       -33.29 USD
  Expenses:Food:Restaurant                          33.29 USD

2023-07-23 * "Jewel of Morroco" "Eating out with Natasha"
  Liabilities:US:Chase:Slate                       -52.00 USD
  Expenses:Food:Restaurant                          52.00 USD

2023-07-23 * "Metro Transport Authority" "Tram tickets"
  Liabilities:US:Chase:Slate                      -120.00 USD
  Expenses:Transport:Tram                          120.00 USD

2023-07-25 balance Liabilities:US:Chase:Slate    -3062.22 USD

2023-07-25 * "Good Moods Market" "Buying groceries"
  Liabilities:US:Chase:Slate                       -89.13 USD
  Expenses:Food:Groceries                           89.13 USD

2023-07-27 * "Jewel of Morroco" "Eating out alone"
  Liabilities:US:Chase:Slate                       -25.46 USD
  Expenses:Food:Restaurant                          25.46 USD

2023-07-30 * "China Garden" "Eating out after work"
  Liabilities:US:Chase:Slate                       -23.17 USD
  Expenses:Food:Restaurant                          23.17 USD

2023-08-04 * "Jewel of Morroco" "Eating out with Natasha"
  Liabilities:US:Chase:Slate                       -21.56 USD
  Expenses:Food:Restaurant                          21.56 USD

2023-08-08 * "Jewel of Morroco" "Eating out "
  Liabilities:US:Chase:Slate                       -22.84 USD
  Expenses:Food:Restaurant                          22.84 USD

2023-08-09 * "Goba Goba" "Eating out with Bill"
  Liabilities:US:Chase:Slate                       -36.92 USD
  Expenses:Food:Restaurant                          36.92 USD

2023-08-10 * "Goba Goba" "Eating out with work buddies"
  Liabilities:US:Chase:Slate                       -54.50 USD
  Expenses:Food:Restaurant                          54.50 USD

2023-08-14 * "Kin Soy" "Eating out with work buddies"
  Liabilities:US:Chase:Slate                       -36.04 USD
  Expenses:Food:Restaurant                          36.04 USD

2023-08-14 * "Corner Deli" "Buying groceries"
  Liabilities:US:Chase:Slate                       -88.41 USD
  Expenses:Food:Groceries                           88.41 USD

2023-08-17 balance Liabilities:US:Chase:Slate    -3460.25 USD

2023-08-18 * "Jewel of Morroco" "Eating out with Natasha"
  Liabilities:US:Chase:Slate                       -38.28 USD
  Expenses:Food:Restaurant                          38.28 USD

2023-08-19 * "Metro Transport Authority" "Tram tickets"
  Liabilities:US:Chase:Slate                      -120.00 USD
  Expenses:Transport:Tram                          120.00 USD

2023-08-22 * "Goba Goba" "Eating out with Julie"
  Liabilities:US:Chase:Slate                       -21.75 USD
  Expenses:Food:Restaurant                          21.75 USD



* Taxable Investments

2021-01-01 open Assets:US:ETrade:Cash                       USD
2021-01-01 open Assets:US:ETrade:ITOT                       ITOT
2021-01-01 open Assets:US:ETrade:VEA                       VEA
2021-01-01 open Assets:US:ETrade:VHT                       VHT
2021-01-01 open Assets:US:ETrade:GLD                       GLD
2021-01-01 open Income:US:ETrade:PnL                        USD
2021-01-01 open Income:US:ETrade:ITOT:Dividend              USD
2021-01-01 open Income:US:ETrade:VEA:Dividend              USD
2021-01-01 open Income:US:ETrade:VHT:Dividend              USD
2021-01-01 open Income:US:ETrade:GLD:Dividend              USD

2021-09-18 * "Dividends on portfolio"
  Assets:US:ETrade:Cash                              0.00 USD
  Income:US:ETrade:ITOT:Dividend                     0.00 USD

2021-09-23 * "Buy shares of VHT"
  Assets:US:ETrade:Cash                          -1331.11 USD
  Assets:US:ETrade:VHT                                 12 VHT {110.18 USD, 2021-09-23}
  Expenses:Financial:Commissions                     8.95 USD

2021-09-23 * "Buy shares of VEA"
  Assets:US:ETrade:Cash                          -1374.90 USD
  Assets:US:ETrade:VEA                                 17 VEA {80.35 USD, 2021-09-23}
  Expenses:Financial:Commissions                     8.95 USD

2021-09-23 * "Buy shares of ITOT"
  Assets:US:ETrade:Cash                          -1282.18 USD
  Assets:US:ETrade:ITOT                                 9 ITOT {141.47 USD, 2021-09-23}
  Expenses:Financial:Commissions                     8.95 USD

2021-10-08 * "Sell shares of VHT"
  Assets:US:ETrade:VHT                                -12 VHT {110.18 USD, 2021-09-23} @ 111.82 USD
  Assets:US:ETrade:Cash                           1332.89 USD
  Expenses:Financial:Commissions                     8.95 USD
  Income:US:ETrade:PnL                             -19.68 USD

2021-10-10 * "Buy shares of VEA"
  Assets:US:ETrade:Cash                           -835.15 USD
  Assets:US:ETrade:VEA                                 10 VEA {82.62 USD, 2021-10-10}
  Expenses:Financial:Commissions                     8.95 USD

2021-10-10 * "Buy shares of ITOT"
  Assets:US:ETrade:Cash                           -873.19 USD
  Assets:US:ETrade:ITOT                                 6 ITOT {144.04 USD, 2021-10-10}
  Expenses:Financial:Commissions                     8.95 USD

2021-11-11 * "Sell shares of VEA"
  Assets:US:ETrade:VEA                                -10 VEA {82.62 USD, 2021-10-10} @ 81.70 USD
  Assets:US:ETrade:Cash                            808.05 USD
  Expenses:Financial:Commissions                     8.95 USD
  Income:US:ETrade:PnL                               9.20 USD

2021-12-02 * "Buy shares of VHT"
  Assets:US:ETrade:Cash                          -3815.59 USD
  Assets:US:ETrade:VHT                                 34 VHT {111.96 USD, 2021-12-02}
  Expenses:Financial:Commissions                     8.95 USD

2021-12-17 * "Dividends on portfolio"
  Assets:US:ETrade:Cash                             37.83 USD
  Income:US:ETrade:GLD:Dividend                    -37.83 USD

2022-02-09 * "Sell shares of VEA"
  Assets:US:ETrade:VEA                                -17 VEA {80.35 USD, 2021-09-23} @ 78.30 USD
  Assets:US:ETrade:Cash                           1322.15 USD
  Expenses:Financial:Commissions                     8.95 USD
  Income:US:ETrade:PnL                              34.85 USD

2022-02-12 * "Buy shares of VEA"
  Assets:US:ETrade:Cash                           -395.45 USD
  Assets:US:ETrade:VEA                                  5 VEA {77.30 USD, 2022-02-12}
  Expenses:Financial:Commissions                     8.95 USD

2022-02-12 * "Buy shares of ITOT"
  Assets:US:ETrade:Cash                           -309.27 USD
  Assets:US:ETrade:ITOT                                 2 ITOT {150.16 USD, 2022-02-12}
  Expenses:Financial:Commissions                     8.95 USD

2022-02-12 * "Buy shares of VHT"
  Assets:US:ETrade:Cash                           -364.63 USD
  Assets:US:ETrade:VHT                                  3 VHT {118.56 USD, 2022-02-12}
  Expenses:Financial:Commissions                     8.95 USD

2022-03-18 * "Dividends on portfolio"
  Assets:US:ETrade:Cash                             42.00 USD
  Income:US:ETrade:GLD:Dividend                    -42.00 USD

2022-05-14 * "Sell shares of VEA"
  Assets:US:ETrade:VEA                                 -5 VEA {77.30 USD, 2022-02-12} @ 77.25 USD
  Assets:US:ETrade:Cash                            377.30 USD
  Expenses:Financial:Commissions                     8.95 USD
  Income:US:ETrade:PnL                               0.25 USD

2022-06-18 * "Dividends on portfolio"
  Assets:US:ETrade:Cash                             42.00 USD
  Income:US:ETrade:ITOT:Dividend                   -42.00 USD

2022-08-09 * "Sell shares of ITOT"
  Assets:US:ETrade:ITOT                                -2 ITOT {150.16 USD, 2022-02-12} @ 154.27 USD
  Assets:US:ETrade:Cash                            299.59 USD
  Expenses:Financial:Commissions                     8.95 USD
  Income:US:ETrade:PnL                              -8.22 USD

2022-08-21 * "Buy shares of VEA"
  Assets:US:ETrade:Cash                          -1503.13 USD
  Assets:US:ETrade:VEA                                 18 VEA {83.01 USD, 2022-08-21}
  Expenses:Financial:Commissions                     8.95 USD

2022-08-21 * "Buy shares of VHT"
  Assets:US:ETrade:Cash                          -1411.56 USD
  Assets:US:ETrade:VHT                                 11 VHT {127.51 USD, 2022-08-21}
  Expenses:Financial:Commissions                     8.95 USD

2022-08-21 * "Buy shares of ITOT"
  Assets:US:ETrade:Cash                          -1415.29 USD
  Assets:US:ETrade:ITOT                                 9 ITOT {156.26 USD, 2022-08-21}
  Expenses:Financial:Commissions                     8.95 USD

2022-09-18 * "Dividends on portfolio"
  Assets:US:ETrade:Cash                             59.22 USD
  Income:US:ETrade:ITOT:Dividend                   -59.22 USD

2022-10-15 * "Buy shares of ITOT"
  Assets:US:ETrade:Cash                           -809.55 USD
  Assets:US:ETrade:ITOT                                 5 ITOT {160.12 USD, 2022-10-15}
  Expenses:Financial:Commissions                     8.95 USD

2022-10-15 * "Buy shares of VEA"
  Assets:US:ETrade:Cash                           -858.65 USD
  Assets:US:ETrade:VEA                                 10 VEA {84.97 USD, 2022-10-15}
  Expenses:Financial:Commissions                     8.95 USD

2022-10-15 * "Buy shares of GLD"
  Assets:US:ETrade:Cash                           -846.93 USD
  Assets:US:ETrade:GLD                                 13 GLD {64.46 USD, 2022-10-15}
  Expenses:Financial:Commissions                     8.95 USD

2022-10-15 * "Buy shares of VHT"
  Assets:US:ETrade:Cash                           -873.17 USD
  Assets:US:ETrade:VHT                                  7 VHT {123.46 USD, 2022-10-15}
  Expenses:Financial:Commissions                     8.95 USD

2022-10-23 * "Sell shares of VHT"
  Assets:US:ETrade:VHT                                -11 VHT {127.51 USD, 2022-08-21} @ 122.33 USD
  Assets:US:ETrade:Cash                           1336.68 USD
  Expenses:Financial:Commissions                     8.95 USD
  Income:US:ETrade:PnL                              56.98 USD

2022-11-09 * "Buy shares of VHT"
  Assets:US:ETrade:Cash                           -488.03 USD
  Assets:US:ETrade:VHT                                  4 VHT {119.77 USD, 2022-11-09}
  Expenses:Financial:Commissions                     8.95 USD

2022-11-09 * "Buy shares of ITOT"
  Assets:US:ETrade:Cash                           -486.55 USD
  Assets:US:ETrade:ITOT                                 3 ITOT {159.20 USD, 2022-11-09}
  Expenses:Financial:Commissions                     8.95 USD

2022-11-09 * "Buy shares of VEA"
  Assets:US:ETrade:Cash                           -430.45 USD
  Assets:US:ETrade:VEA                                  5 VEA {84.30 USD, 2022-11-09}
  Expenses:Financial:Commissions                     8.95 USD

2022-12-17 * "Dividends on portfolio"
  Assets:US:ETrade:Cash                             78.14 USD
  Income:US:ETrade:VEA:Dividend                    -78.14 USD

2023-03-18 * "Dividends on portfolio"
  Assets:US:ETrade:Cash                             78.14 USD
  Income:US:ETrade:VEA:Dividend                    -78.14 USD

2023-06-18 * "Dividends on portfolio"
  Assets:US:ETrade:Cash                             78.14 USD
  Income:US:ETrade:VEA:Dividend                    -78.14 USD

2023-06-21 * "Buy shares of GLD"
  Assets:US:ETrade:Cash                           -796.39 USD
  Assets:US:ETrade:GLD                                 12 GLD {65.62 USD, 2023-06-21}
  Expenses:Financial:Commissions                     8.95 USD

2023-06-21 * "Buy shares of ITOT"
  Assets:US:ETrade:Cash                           -708.99 USD
  Assets:US:ETrade:ITOT                                 4 ITOT {175.01 USD, 2023-06-21}
  Expenses:Financial:Commissions                     8.95 USD

2023-06-21 * "Buy shares of VHT"
  Assets:US:ETrade:Cash                           -702.97 USD
  Assets:US:ETrade:VHT                                  6 VHT {115.67 USD, 2023-06-21}
  Expenses:Financial:Commissions                     8.95 USD

2023-06-21 * "Buy shares of VEA"
  Assets:US:ETrade:Cash                           -773.75 USD
  Assets:US:ETrade:VEA                                 10 VEA {76.48 USD, 2023-06-21}
  Expenses:Financial:Commissions                     8.95 USD

2023-07-30 * "Sell shares of VHT"
  Assets:US:ETrade:VHT                                 -7 VHT {123.46 USD, 2022-10-15} @ 117.45 USD
  Assets:US:ETrade:Cash                            813.20 USD
  Expenses:Financial:Commissions                     8.95 USD
  Income:US:ETrade:PnL                              42.07 USD

2023-08-16 * "Buy shares of VEA"
  Assets:US:ETrade:Cash                          -4489.27 USD
  Assets:US:ETrade:VEA                                 52 VEA {86.16 USD, 2023-08-16}
  Expenses:Financial:Commissions                     8.95 USD



* Vanguard Investments

2021-01-01 open Assets:US:Vanguard:VBMPX                     VBMPX
  number: "882882"
2021-01-01 open Assets:US:Vanguard:RGAGX                     RGAGX
  number: "882882"
2021-01-01 open Assets:US:Vanguard                            USD
  address: "P.O. Box 1110, Valley Forge, PA 19482-1110"
  institution: "Vanguard Group"
  phone: "+1.800.523.1188"
2021-01-01 open Income:US:Hooli:Match401k                   USD
2021-01-01 open Assets:US:Vanguard:Cash                       USD
  number: "882882"

2021-01-08 * "Employer match for contribution"
  Assets:US:Vanguard:Cash                          600.00 USD
  Income:US:Hooli:Match401k                       -600.00 USD

2021-01-11 * "Investing 40% of cash in VBMPX"
  Assets:US:Vanguard:VBMPX                          5.808 VBMPX {82.65 USD, 2021-01-11}
  Assets:US:Vanguard:Cash                         -480.03 USD

2021-01-11 * "Investing 60% of cash in RGAGX"
  Assets:US:Vanguard:RGAGX                         18.824 RGAGX {38.25 USD, 2021-01-11}
  Assets:US:Vanguard:Cash                         -720.02 USD

2021-01-11 * "Investing 40% of cash in VBMPX"
  Assets:US:Vanguard:VBMPX                          2.904 VBMPX {82.65 USD, 2021-01-11}
  Assets:US:Vanguard:Cash                         -240.02 USD

2021-01-11 * "Investing 60% of cash in RGAGX"
  Assets:US:Vanguard:RGAGX                          9.411 RGAGX {38.25 USD, 2021-01-11}
  Assets:US:Vanguard:Cash                         -359.97 USD

2021-01-22 * "Employer match for contribution"
  Assets:US:Vanguard:Cash                          600.00 USD
  Income:US:Hooli:Match401k                       -600.00 USD

2021-01-25 * "Investing 40% of cash in VBMPX"
  Assets:US:Vanguard:VBMPX                          6.004 VBMPX {79.95 USD, 2021-01-25}
  Assets:US:Vanguard:Cash                         -480.02 USD

2021-01-25 * "Investing 60% of cash in RGAGX"
  Assets:US:Vanguard:RGAGX                         19.349 RGAGX {37.21 USD, 2021-01-25}
  Assets:US:Vanguard:Cash                         -719.98 USD

2021-01-25 * "Investing 40% of cash in VBMPX"
  Assets:US:Vanguard:VBMPX                          3.002 VBMPX {79.95 USD, 2021-01-25}
  Assets:US:Vanguard:Cash                         -240.01 USD

2021-01-25 * "Investing 60% of cash in RGAGX"
  Assets:US:Vanguard:RGAGX                          9.674 RGAGX {37.21 USD, 2021-01-25}
  Assets:US:Vanguard:Cash                         -359.97 USD

2021-02-05 * "Employer match for contribution"
  Assets:US:Vanguard:Cash                          600.00 USD
  Income:US:Hooli:Match401k                       -600.00 USD

2021-02-08 * "Investing 40% of cash in VBMPX"
  Assets:US:Vanguard:VBMPX                          5.940 VBMPX {80.80 USD, 2021-02-08}
  Assets:US:Vanguard:Cash                         -479.95 USD

2021-02-08 * "Investing 60% of cash in RGAGX"
  Assets:US:Vanguard:RGAGX                         18.878 RGAGX {38.14 USD, 2021-02-08}
  Assets:US:Vanguard:Cash                         -720.01 USD

2021-02-08 * "Investing 40% of cash in VBMPX"
  Assets:US:Vanguard:VBMPX                          2.970 VBMPX {80.80 USD, 2021-02-08}
  Assets:US:Vanguard:Cash                         -239.98 USD

2021-02-08 * "Investing 60% of cash in RGAGX"
  Assets:US:Vanguard:RGAGX                          9.439 RGAGX {38.14 USD, 2021-02-08}
  Assets:US:Vanguard:Cash                         -360.00 USD

2021-02-19 * "Employer match for contribution"
  Assets:US:Vanguard:Cash                          600.00 USD
  Income:US:Hooli:Match401k                       -600.00 USD

2021-02-22 * "Investing 40% of cash in VBMPX"
  Assets:US:Vanguard:VBMPX                          5.785 VBMPX {82.98 USD, 2021-02-22}
  Assets:US:Vanguard:Cash                         -480.04 USD

2021-02-22 * "Investing 60% of cash in RGAGX"
  Assets:US:Vanguard:RGAGX                         19.293 RGAGX {37.32 USD, 2021-02-22}
  Assets:US:Vanguard:Cash                         -720.01 USD

2021-02-22 * "Investing 40% of cash in VBMPX"
  Assets:US:Vanguard:VBMPX                          2.892 VBMPX {82.98 USD, 2021-02-22}
  Assets:US:Vanguard:Cash                         -239.98 USD

2021-02-22 * "Investing 60% of cash in RGAGX"
  Assets:US:Vanguard:RGAGX                          9.646 RGAGX {37.32 USD, 2021-02-22}
  Assets:US:Vanguard:Cash                         -359.99 USD

2021-03-05 * "Employer match for contribution"
  Assets:US:Vanguard:Cash                          600.00 USD
  Income:US:Hooli:Match401k                       -600.00 USD

2021-03-08 * "Investing 40% of cash in VBMPX"
  Assets:US:Vanguard:VBMPX                          5.919 VBMPX {81.10 USD, 2021-03-08}
  Assets:US:Vanguard:Cash                         -480.03 USD

2021-03-08 * "Investing 60% of cash in RGAGX"
  Assets:US:Vanguard:RGAGX                         18.312 RGAGX {39.32 USD, 2021-03-08}
  Assets:US:Vanguard:Cash                         -720.03 USD

2021-03-08 * "Investing 40% of cash in VBMPX"
  Assets:US:Vanguard:VBMPX                          2.959 VBMPX {81.10 USD, 2021-03-08}
  Assets:US:Vanguard:Cash                         -239.97 USD

2021-03-08 * "Investing 60% of cash in RGAGX"
  Assets:US:Vanguard:RGAGX                          9.155 RGAGX {39.32 USD, 2021-03-08}
  Assets:US:Vanguard:Cash                         -359.97 USD

2021-03-19 * "Employer match for contribution"
  Assets:US:Vanguard:Cash                          600.00 USD
  Income:US:Hooli:Match401k                       -600.00 USD

2021-03-22 * "Investing 40% of cash in VBMPX"
  Assets:US:Vanguard:VBMPX                          5.965 VBMPX {80.47 USD, 2021-03-22}
  Assets:US:Vanguard:Cash                         -480.00 USD

2021-03-22 * "Investing 60% of cash in RGAGX"
  Assets:US:Vanguard:RGAGX                         18.552 RGAGX {38.81 USD, 2021-03-22}
  Assets:US:Vanguard:Cash                         -720.00 USD

2021-03-22 * "Investing 40% of cash in VBMPX"
  Assets:US:Vanguard:VBMPX                          2.983 VBMPX {80.47 USD, 2021-03-22}
  Assets:US:Vanguard:Cash                         -240.04 USD

2021-03-22 * "Investing 60% of cash in RGAGX"
  Assets:US:Vanguard:RGAGX                          9.276 RGAGX {38.81 USD, 2021-03-22}
  Assets:US:Vanguard:Cash                         -360.00 USD

2021-04-02 * "Employer match for contribution"
  Assets:US:Vanguard:Cash                          600.00 USD
  Income:US:Hooli:Match401k                       -600.00 USD

2021-04-05 * "Investing 40% of cash in VBMPX"
  Assets:US:Vanguard:VBMPX                          5.953 VBMPX {80.63 USD, 2021-04-05}
  Assets:US:Vanguard:Cash                         -479.99 USD

2021-04-05 * "Investing 60% of cash in RGAGX"
  Assets:US:Vanguard:RGAGX                         18.672 RGAGX {38.56 USD, 2021-04-05}
  Assets:US:Vanguard:Cash                         -719.99 USD

2021-04-05 * "Investing 40% of cash in VBMPX"
  Assets:US:Vanguard:VBMPX                          2.977 VBMPX {80.63 USD, 2021-04-05}
  Assets:US:Vanguard:Cash                         -240.04 USD

2021-04-05 * "Investing 60% of cash in RGAGX"
  Assets:US:Vanguard:RGAGX                          9.336 RGAGX {38.56 USD, 2021-04-05}
  Assets:US:Vanguard:Cash                         -360.00 USD

2021-04-16 * "Employer match for contribution"
  Assets:US:Vanguard:Cash                          600.00 USD
  Income:US:Hooli:Match401k                       -600.00 USD

2021-04-19 * "Investing 40% of cash in VBMPX"
  Assets:US:Vanguard:VBMPX                          5.791 VBMPX {82.88 USD, 2021-04-19}
  Assets:US:Vanguard:Cash                         -479.96 USD

2021-04-19 * "Investing 60% of cash in RGAGX"
  Assets:US:Vanguard:RGAGX                         18.696 RGAGX {38.51 USD, 2021-04-19}
  Assets:US:Vanguard:Cash                         -719.98 USD

2021-04-19 * "Investing 40% of cash in VBMPX"
  Assets:US:Vanguard:VBMPX                          2.896 VBMPX {82.88 USD, 2021-04-19}
  Assets:US:Vanguard:Cash                         -240.02 USD

2021-04-19 * "Investing 60% of cash in RGAGX"
  Assets:US:Vanguard:RGAGX                          9.349 RGAGX {38.51 USD, 2021-04-19}
  Assets:US:Vanguard:Cash                         -360.03 USD

2021-04-30 * "Employer match for contribution"
  Assets:US:Vanguard:Cash                          600.00 USD
  Income:US:Hooli:Match401k                       -600.00 USD

2021-05-03 * "Investing 40% of cash in VBMPX"
  Assets:US:Vanguard:VBMPX                          5.662 VBMPX {84.78 USD, 2021-05-03}
  Assets:US:Vanguard:Cash                         -480.02 USD

2021-05-03 * "Investing 60% of cash in RGAGX"
  Assets:US:Vanguard:RGAGX                         17.799 RGAGX {40.45 USD, 2021-05-03}
  Assets:US:Vanguard:Cash                         -719.97 USD

2021-05-03 * "Investing 40% of cash in VBMPX"
  Assets:US:Vanguard:VBMPX                          2.831 VBMPX {84.78 USD, 2021-05-03}
  Assets:US:Vanguard:Cash                         -240.01 USD

2021-05-03 * "Investing 60% of cash in RGAGX"
  Assets:US:Vanguard:RGAGX                          8.900 RGAGX {40.45 USD, 2021-05-03}
  Assets:US:Vanguard:Cash                         -360.00 USD

2021-05-14 * "Employer match for contribution"
  Assets:US:Vanguard:Cash                          600.00 USD
  Income:US:Hooli:Match401k                       -600.00 USD

2021-05-17 * "Investing 40% of cash in VBMPX"
  Assets:US:Vanguard:VBMPX                          5.690 VBMPX {84.36 USD, 2021-05-17}
  Assets:US:Vanguard:Cash                         -480.01 USD

2021-05-17 * "Investing 60% of cash in RGAGX"
  Assets:US:Vanguard:RGAGX                         17.729 RGAGX {40.61 USD, 2021-05-17}
  Assets:US:Vanguard:Cash                         -719.97 USD

2021-05-17 * "Investing 40% of cash in VBMPX"
  Assets:US:Vanguard:VBMPX                          2.845 VBMPX {84.36 USD, 2021-05-17}
  Assets:US:Vanguard:Cash                         -240.00 USD

2021-05-17 * "Investing 60% of cash in RGAGX"
  Assets:US:Vanguard:RGAGX                          8.865 RGAGX {40.61 USD, 2021-05-17}
  Assets:US:Vanguard:Cash                         -360.01 USD

2021-05-28 * "Employer match for contribution"
  Assets:US:Vanguard:Cash                          600.00 USD
  Income:US:Hooli:Match401k                       -600.00 USD

2021-05-31 * "Investing 40% of cash in VBMPX"
  Assets:US:Vanguard:VBMPX                          5.746 VBMPX {83.54 USD, 2021-05-31}
  Assets:US:Vanguard:Cash                         -480.02 USD

2021-05-31 * "Investing 60% of cash in RGAGX"
  Assets:US:Vanguard:RGAGX                         17.699 RGAGX {40.68 USD, 2021-05-31}
  Assets:US:Vanguard:Cash                         -720.00 USD

2021-05-31 * "Investing 40% of cash in VBMPX"
  Assets:US:Vanguard:VBMPX                          2.873 VBMPX {83.54 USD, 2021-05-31}
  Assets:US:Vanguard:Cash                         -240.01 USD

2021-05-31 * "Investing 60% of cash in RGAGX"
  Assets:US:Vanguard:RGAGX                          8.849 RGAGX {40.68 USD, 2021-05-31}
  Assets:US:Vanguard:Cash                         -359.98 USD

2021-06-11 * "Employer match for contribution"
  Assets:US:Vanguard:Cash                          600.00 USD
  Income:US:Hooli:Match401k                       -600.00 USD

2021-06-14 * "Investing 40% of cash in VBMPX"
  Assets:US:Vanguard:VBMPX                          5.649 VBMPX {84.97 USD, 2021-06-14}
  Assets:US:Vanguard:Cash                         -480.00 USD

2021-06-14 * "Investing 60% of cash in RGAGX"
  Assets:US:Vanguard:RGAGX                         17.835 RGAGX {40.37 USD, 2021-06-14}
  Assets:US:Vanguard:Cash                         -720.00 USD

2021-06-14 * "Investing 40% of cash in VBMPX"
  Assets:US:Vanguard:VBMPX                          2.824 VBMPX {84.97 USD, 2021-06-14}
  Assets:US:Vanguard:Cash                         -239.96 USD

2021-06-14 * "Investing 60% of cash in RGAGX"
  Assets:US:Vanguard:RGAGX                          8.917 RGAGX {40.37 USD, 2021-06-14}
  Assets:US:Vanguard:Cash                         -359.98 USD

2021-06-25 * "Employer match for contribution"
  Assets:US:Vanguard:Cash                          600.00 USD
  Income:US:Hooli:Match401k                       -600.00 USD

2021-06-28 * "Investing 40% of cash in VBMPX"
  Assets:US:Vanguard:VBMPX                          5.689 VBMPX {84.37 USD, 2021-06-28}
  Assets:US:Vanguard:Cash                         -479.98 USD

2021-06-28 * "Investing 60% of cash in RGAGX"
  Assets:US:Vanguard:RGAGX                         17.906 RGAGX {40.21 USD, 2021-06-28}
  Assets:US:Vanguard:Cash                         -720.00 USD

2021-06-28 * "Investing 40% of cash in VBMPX"
  Assets:US:Vanguard:VBMPX                          2.845 VBMPX {84.37 USD, 2021-06-28}
  Assets:US:Vanguard:Cash                         -240.03 USD

2021-06-28 * "Investing 60% of cash in RGAGX"
  Assets:US:Vanguard:RGAGX                          8.954 RGAGX {40.21 USD, 2021-06-28}
  Assets:US:Vanguard:Cash                         -360.04 USD

2021-07-09 * "Employer match for contribution"
  Assets:US:Vanguard:Cash                          600.00 USD
  Income:US:Hooli:Match401k                       -600.00 USD

2021-07-12 * "Investing 40% of cash in VBMPX"
  Assets:US:Vanguard:VBMPX                          5.864 VBMPX {81.85 USD, 2021-07-12}
  Assets:US:Vanguard:Cash                         -479.97 USD

2021-07-12 * "Investing 60% of cash in RGAGX"
  Assets:US:Vanguard:RGAGX                         17.548 RGAGX {41.03 USD, 2021-07-12}
  Assets:US:Vanguard:Cash                         -719.99 USD

2021-07-12 * "Investing 40% of cash in VBMPX"
  Assets:US:Vanguard:VBMPX                          2.932 VBMPX {81.85 USD, 2021-07-12}
  Assets:US:Vanguard:Cash                         -239.98 USD

2021-07-12 * "Investing 60% of cash in RGAGX"
  Assets:US:Vanguard:RGAGX                          8.774 RGAGX {41.03 USD, 2021-07-12}
  Assets:US:Vanguard:Cash                         -360.00 USD

2021-07-23 * "Employer match for contribution"
  Assets:US:Vanguard:Cash                          600.00 USD
  Income:US:Hooli:Match401k                       -600.00 USD

2021-07-26 * "Investing 40% of cash in VBMPX"
  Assets:US:Vanguard:VBMPX                          5.840 VBMPX {82.19 USD, 2021-07-26}
  Assets:US:Vanguard:Cash                         -479.99 USD

2021-07-26 * "Investing 60% of cash in RGAGX"
  Assets:US:Vanguard:RGAGX                         17.156 RGAGX {41.97 USD, 2021-07-26}
  Assets:US:Vanguard:Cash                         -720.04 USD

2021-07-26 * "Investing 40% of cash in VBMPX"
  Assets:US:Vanguard:VBMPX                          2.920 VBMPX {82.19 USD, 2021-07-26}
  Assets:US:Vanguard:Cash                         -239.99 USD

2021-07-26 * "Investing 60% of cash in RGAGX"
  Assets:US:Vanguard:RGAGX                          8.578 RGAGX {41.97 USD, 2021-07-26}
  Assets:US:Vanguard:Cash                         -360.02 USD

2021-08-06 * "Employer match for contribution"
  Assets:US:Vanguard:Cash                          250.00 USD
  Income:US:Hooli:Match401k                       -250.00 USD

2021-08-09 * "Investing 40% of cash in VBMPX"
  Assets:US:Vanguard:VBMPX                          2.479 VBMPX {80.67 USD, 2021-08-09}
  Assets:US:Vanguard:Cash                         -199.98 USD

2021-08-09 * "Investing 60% of cash in RGAGX"
  Assets:US:Vanguard:RGAGX                          7.189 RGAGX {41.73 USD, 2021-08-09}
  Assets:US:Vanguard:Cash                         -300.00 USD

2021-08-09 * "Investing 40% of cash in VBMPX"
  Assets:US:Vanguard:VBMPX                          1.240 VBMPX {80.67 USD, 2021-08-09}
  Assets:US:Vanguard:Cash                         -100.03 USD

2021-08-09 * "Investing 60% of cash in RGAGX"
  Assets:US:Vanguard:RGAGX                          3.595 RGAGX {41.73 USD, 2021-08-09}
  Assets:US:Vanguard:Cash                         -150.02 USD

2022-01-07 * "Employer match for contribution"
  Assets:US:Vanguard:Cash                          600.00 USD
  Income:US:Hooli:Match401k                       -600.00 USD

2022-01-10 * "Investing 40% of cash in VBMPX"
  Assets:US:Vanguard:VBMPX                          4.907 VBMPX {97.82 USD, 2022-01-10}
  Assets:US:Vanguard:Cash                         -480.00 USD

2022-01-10 * "Investing 60% of cash in RGAGX"
  Assets:US:Vanguard:RGAGX                         17.175 RGAGX {41.92 USD, 2022-01-10}
  Assets:US:Vanguard:Cash                         -719.98 USD

2022-01-10 * "Investing 40% of cash in VBMPX"
  Assets:US:Vanguard:VBMPX                          2.453 VBMPX {97.82 USD, 2022-01-10}
  Assets:US:Vanguard:Cash                         -239.95 USD

2022-01-10 * "Investing 60% of cash in RGAGX"
  Assets:US:Vanguard:RGAGX                          8.588 RGAGX {41.92 USD, 2022-01-10}
  Assets:US:Vanguard:Cash                         -360.01 USD

2022-01-21 * "Employer match for contribution"
  Assets:US:Vanguard:Cash                          600.00 USD
  Income:US:Hooli:Match401k                       -600.00 USD

2022-01-24 * "Investing 40% of cash in VBMPX"
  Assets:US:Vanguard:VBMPX                          4.897 VBMPX {98.03 USD, 2022-01-24}
  Assets:US:Vanguard:Cash                         -480.05 USD

2022-01-24 * "Investing 60% of cash in RGAGX"
  Assets:US:Vanguard:RGAGX                         17.022 RGAGX {42.30 USD, 2022-01-24}
  Assets:US:Vanguard:Cash                         -720.03 USD

2022-01-24 * "Investing 40% of cash in VBMPX"
  Assets:US:Vanguard:VBMPX                          2.448 VBMPX {98.03 USD, 2022-01-24}
  Assets:US:Vanguard:Cash                         -239.98 USD

2022-01-24 * "Investing 60% of cash in RGAGX"
  Assets:US:Vanguard:RGAGX                          8.510 RGAGX {42.30 USD, 2022-01-24}
  Assets:US:Vanguard:Cash                         -359.97 USD

2022-02-04 * "Employer match for contribution"
  Assets:US:Vanguard:Cash                          600.00 USD
  Income:US:Hooli:Match401k                       -600.00 USD

2022-02-07 * "Investing 40% of cash in VBMPX"
  Assets:US:Vanguard:VBMPX                          4.976 VBMPX {96.46 USD, 2022-02-07}
  Assets:US:Vanguard:Cash                         -479.98 USD

2022-02-07 * "Investing 60% of cash in RGAGX"
  Assets:US:Vanguard:RGAGX                         17.021 RGAGX {42.30 USD, 2022-02-07}
  Assets:US:Vanguard:Cash                         -719.99 USD

2022-02-07 * "Investing 40% of cash in VBMPX"
  Assets:US:Vanguard:VBMPX                          2.488 VBMPX {96.46 USD, 2022-02-07}
  Assets:US:Vanguard:Cash                         -239.99 USD

2022-02-07 * "Investing 60% of cash in RGAGX"
  Assets:US:Vanguard:RGAGX                          8.511 RGAGX {42.30 USD, 2022-02-07}
  Assets:US:Vanguard:Cash                         -360.02 USD

2022-02-18 * "Employer match for contribution"
  Assets:US:Vanguard:Cash                          600.00 USD
  Income:US:Hooli:Match401k                       -600.00 USD

2022-02-21 * "Investing 40% of cash in VBMPX"
  Assets:US:Vanguard:VBMPX                          4.762 VBMPX {100.79 USD, 2022-02-21}
  Assets:US:Vanguard:Cash                         -479.96 USD

2022-02-21 * "Investing 60% of cash in RGAGX"
  Assets:US:Vanguard:RGAGX                         17.626 RGAGX {40.85 USD, 2022-02-21}
  Assets:US:Vanguard:Cash                         -720.02 USD

2022-02-21 * "Investing 40% of cash in VBMPX"
  Assets:US:Vanguard:VBMPX                          2.381 VBMPX {100.79 USD, 2022-02-21}
  Assets:US:Vanguard:Cash                         -239.98 USD

2022-02-21 * "Investing 60% of cash in RGAGX"
  Assets:US:Vanguard:RGAGX                          8.813 RGAGX {40.85 USD, 2022-02-21}
  Assets:US:Vanguard:Cash                         -360.01 USD

2022-03-04 * "Employer match for contribution"
  Assets:US:Vanguard:Cash                          600.00 USD
  Income:US:Hooli:Match401k                       -600.00 USD

2022-03-07 * "Investing 40% of cash in VBMPX"
  Assets:US:Vanguard:VBMPX                          4.646 VBMPX {103.31 USD, 2022-03-07}
  Assets:US:Vanguard:Cash                         -479.98 USD

2022-03-07 * "Investing 60% of cash in RGAGX"
  Assets:US:Vanguard:RGAGX                         17.575 RGAGX {40.97 USD, 2022-03-07}
  Assets:US:Vanguard:Cash                         -720.05 USD

2022-03-07 * "Investing 40% of cash in VBMPX"
  Assets:US:Vanguard:VBMPX                          2.323 VBMPX {103.31 USD, 2022-03-07}
  Assets:US:Vanguard:Cash                         -239.99 USD

2022-03-07 * "Investing 60% of cash in RGAGX"
  Assets:US:Vanguard:RGAGX                          8.787 RGAGX {40.97 USD, 2022-03-07}
  Assets:US:Vanguard:Cash                         -360.00 USD

2022-03-18 * "Employer match for contribution"
  Assets:US:Vanguard:Cash                          600.00 USD
  Income:US:Hooli:Match401k                       -600.00 USD

2022-03-21 * "Investing 40% of cash in VBMPX"
  Assets:US:Vanguard:VBMPX                          4.661 VBMPX {102.99 USD, 2022-03-21}
  Assets:US:Vanguard:Cash                         -480.04 USD

2022-03-21 * "Investing 60% of cash in RGAGX"
  Assets:US:Vanguard:RGAGX                         17.561 RGAGX {41.00 USD, 2022-03-21}
  Assets:US:Vanguard:Cash                         -720.00 USD

2022-03-21 * "Investing 40% of cash in VBMPX"
  Assets:US:Vanguard:VBMPX                          2.330 VBMPX {102.99 USD, 2022-03-21}
  Assets:US:Vanguard:Cash                         -239.97 USD

2022-03-21 * "Investing 60% of cash in RGAGX"
  Assets:US:Vanguard:RGAGX                          8.780 RGAGX {41.00 USD, 2022-03-21}
  Assets:US:Vanguard:Cash                         -359.98 USD

2022-04-01 * "Employer match for contribution"
  Assets:US:Vanguard:Cash                          600.00 USD
  Income:US:Hooli:Match401k                       -600.00 USD

2022-04-04 * "Investing 40% of cash in VBMPX"
  Assets:US:Vanguard:VBMPX                          4.585 VBMPX {104.70 USD, 2022-04-04}
  Assets:US:Vanguard:Cash                         -480.05 USD

2022-04-04 * "Investing 60% of cash in RGAGX"
  Assets:US:Vanguard:RGAGX                         17.818 RGAGX {40.41 USD, 2022-04-04}
  Assets:US:Vanguard:Cash                         -720.03 USD

2022-04-04 * "Investing 40% of cash in VBMPX"
  Assets:US:Vanguard:VBMPX                          2.292 VBMPX {104.70 USD, 2022-04-04}
  Assets:US:Vanguard:Cash                         -239.97 USD

2022-04-04 * "Investing 60% of cash in RGAGX"
  Assets:US:Vanguard:RGAGX                          8.908 RGAGX {40.41 USD, 2022-04-04}
  Assets:US:Vanguard:Cash                         -359.97 USD

2022-04-15 * "Employer match for contribution"
  Assets:US:Vanguard:Cash                          600.00 USD
  Income:US:Hooli:Match401k                       -600.00 USD

2022-04-18 * "Investing 40% of cash in VBMPX"
  Assets:US:Vanguard:VBMPX                          4.692 VBMPX {102.31 USD, 2022-04-18}
  Assets:US:Vanguard:Cash                         -480.04 USD

2022-04-18 * "Investing 60% of cash in RGAGX"
  Assets:US:Vanguard:RGAGX                         18.104 RGAGX {39.77 USD, 2022-04-18}
  Assets:US:Vanguard:Cash                         -720.00 USD

2022-04-18 * "Investing 40% of cash in VBMPX"
  Assets:US:Vanguard:VBMPX                          2.346 VBMPX {102.31 USD, 2022-04-18}
  Assets:US:Vanguard:Cash                         -240.02 USD

2022-04-18 * "Investing 60% of cash in RGAGX"
  Assets:US:Vanguard:RGAGX                          9.052 RGAGX {39.77 USD, 2022-04-18}
  Assets:US:Vanguard:Cash                         -360.00 USD

2022-04-29 * "Employer match for contribution"
  Assets:US:Vanguard:Cash                          600.00 USD
  Income:US:Hooli:Match401k                       -600.00 USD

2022-05-02 * "Investing 40% of cash in VBMPX"
  Assets:US:Vanguard:VBMPX                          4.869 VBMPX {98.57 USD, 2022-05-02}
  Assets:US:Vanguard:Cash                         -479.94 USD

2022-05-02 * "Investing 60% of cash in RGAGX"
  Assets:US:Vanguard:RGAGX                         18.232 RGAGX {39.49 USD, 2022-05-02}
  Assets:US:Vanguard:Cash                         -719.98 USD

2022-05-02 * "Investing 40% of cash in VBMPX"
  Assets:US:Vanguard:VBMPX                          2.435 VBMPX {98.57 USD, 2022-05-02}
  Assets:US:Vanguard:Cash                         -240.02 USD

2022-05-02 * "Investing 60% of cash in RGAGX"
  Assets:US:Vanguard:RGAGX                          9.117 RGAGX {39.49 USD, 2022-05-02}
  Assets:US:Vanguard:Cash                         -360.03 USD

2022-05-13 * "Employer match for contribution"
  Assets:US:Vanguard:Cash                          600.00 USD
  Income:US:Hooli:Match401k                       -600.00 USD

2022-05-16 * "Investing 40% of cash in VBMPX"
  Assets:US:Vanguard:VBMPX                          4.805 VBMPX {99.89 USD, 2022-05-16}
  Assets:US:Vanguard:Cash                         -479.97 USD

2022-05-16 * "Investing 60% of cash in RGAGX"
  Assets:US:Vanguard:RGAGX                         18.377 RGAGX {39.18 USD, 2022-05-16}
  Assets:US:Vanguard:Cash                         -720.01 USD

2022-05-16 * "Investing 40% of cash in VBMPX"
  Assets:US:Vanguard:VBMPX                          2.403 VBMPX {99.89 USD, 2022-05-16}
  Assets:US:Vanguard:Cash                         -240.04 USD

2022-05-16 * "Investing 60% of cash in RGAGX"
  Assets:US:Vanguard:RGAGX                          9.189 RGAGX {39.18 USD, 2022-05-16}
  Assets:US:Vanguard:Cash                         -360.03 USD

2022-05-27 * "Employer match for contribution"
  Assets:US:Vanguard:Cash                          600.00 USD
  Income:US:Hooli:Match401k                       -600.00 USD

2022-05-30 * "Investing 40% of cash in VBMPX"
  Assets:US:Vanguard:VBMPX                          4.566 VBMPX {105.11 USD, 2022-05-30}
  Assets:US:Vanguard:Cash                         -479.93 USD

2022-05-30 * "Investing 60% of cash in RGAGX"
  Assets:US:Vanguard:RGAGX                         18.508 RGAGX {38.90 USD, 2022-05-30}
  Assets:US:Vanguard:Cash                         -719.96 USD

2022-05-30 * "Investing 40% of cash in VBMPX"
  Assets:US:Vanguard:VBMPX                          2.284 VBMPX {105.11 USD, 2022-05-30}
  Assets:US:Vanguard:Cash                         -240.07 USD

2022-05-30 * "Investing 60% of cash in RGAGX"
  Assets:US:Vanguard:RGAGX                          9.255 RGAGX {38.90 USD, 2022-05-30}
  Assets:US:Vanguard:Cash                         -360.02 USD

2022-06-10 * "Employer match for contribution"
  Assets:US:Vanguard:Cash                          600.00 USD
  Income:US:Hooli:Match401k                       -600.00 USD

2022-06-13 * "Investing 40% of cash in VBMPX"
  Assets:US:Vanguard:VBMPX                          4.621 VBMPX {103.88 USD, 2022-06-13}
  Assets:US:Vanguard:Cash                         -480.03 USD

2022-06-13 * "Investing 60% of cash in RGAGX"
  Assets:US:Vanguard:RGAGX                         18.499 RGAGX {38.92 USD, 2022-06-13}
  Assets:US:Vanguard:Cash                         -719.98 USD

2022-06-13 * "Investing 40% of cash in VBMPX"
  Assets:US:Vanguard:VBMPX                          2.310 VBMPX {103.88 USD, 2022-06-13}
  Assets:US:Vanguard:Cash                         -239.96 USD

2022-06-13 * "Investing 60% of cash in RGAGX"
  Assets:US:Vanguard:RGAGX                          9.249 RGAGX {38.92 USD, 2022-06-13}
  Assets:US:Vanguard:Cash                         -359.97 USD

2022-06-24 * "Employer match for contribution"
  Assets:US:Vanguard:Cash                          600.00 USD
  Income:US:Hooli:Match401k                       -600.00 USD

2022-06-27 * "Investing 40% of cash in VBMPX"
  Assets:US:Vanguard:VBMPX                          4.589 VBMPX {104.61 USD, 2022-06-27}
  Assets:US:Vanguard:Cash                         -480.06 USD

2022-06-27 * "Investing 60% of cash in RGAGX"
  Assets:US:Vanguard:RGAGX                         18.086 RGAGX {39.81 USD, 2022-06-27}
  Assets:US:Vanguard:Cash                         -720.00 USD

2022-06-27 * "Investing 40% of cash in VBMPX"
  Assets:US:Vanguard:VBMPX                          2.294 VBMPX {104.61 USD, 2022-06-27}
  Assets:US:Vanguard:Cash                         -239.98 USD

2022-06-27 * "Investing 60% of cash in RGAGX"
  Assets:US:Vanguard:RGAGX                          9.042 RGAGX {39.81 USD, 2022-06-27}
  Assets:US:Vanguard:Cash                         -359.96 USD

2022-07-08 * "Employer match for contribution"
  Assets:US:Vanguard:Cash                          600.00 USD
  Income:US:Hooli:Match401k                       -600.00 USD

2022-07-11 * "Investing 40% of cash in VBMPX"
  Assets:US:Vanguard:VBMPX                          4.543 VBMPX {105.67 USD, 2022-07-11}
  Assets:US:Vanguard:Cash                         -480.06 USD

2022-07-11 * "Investing 60% of cash in RGAGX"
  Assets:US:Vanguard:RGAGX                         18.581 RGAGX {38.75 USD, 2022-07-11}
  Assets:US:Vanguard:Cash                         -720.01 USD

2022-07-11 * "Investing 40% of cash in VBMPX"
  Assets:US:Vanguard:VBMPX                          2.271 VBMPX {105.67 USD, 2022-07-11}
  Assets:US:Vanguard:Cash                         -239.98 USD

2022-07-11 * "Investing 60% of cash in RGAGX"
  Assets:US:Vanguard:RGAGX                          9.290 RGAGX {38.75 USD, 2022-07-11}
  Assets:US:Vanguard:Cash                         -359.99 USD

2022-07-22 * "Employer match for contribution"
  Assets:US:Vanguard:Cash                          600.00 USD
  Income:US:Hooli:Match401k                       -600.00 USD

2022-07-25 * "Investing 40% of cash in VBMPX"
  Assets:US:Vanguard:VBMPX                          4.575 VBMPX {104.92 USD, 2022-07-25}
  Assets:US:Vanguard:Cash                         -480.01 USD

2022-07-25 * "Investing 60% of cash in RGAGX"
  Assets:US:Vanguard:RGAGX                         18.353 RGAGX {39.23 USD, 2022-07-25}
  Assets:US:Vanguard:Cash                         -719.99 USD

2022-07-25 * "Investing 40% of cash in VBMPX"
  Assets:US:Vanguard:VBMPX                          2.287 VBMPX {104.92 USD, 2022-07-25}
  Assets:US:Vanguard:Cash                         -239.95 USD

2022-07-25 * "Investing 60% of cash in RGAGX"
  Assets:US:Vanguard:RGAGX                          9.176 RGAGX {39.23 USD, 2022-07-25}
  Assets:US:Vanguard:Cash                         -359.97 USD

2022-08-05 * "Employer match for contribution"
  Assets:US:Vanguard:Cash                          250.00 USD
  Income:US:Hooli:Match401k                       -250.00 USD

2022-08-08 * "Investing 40% of cash in VBMPX"
  Assets:US:Vanguard:VBMPX                          1.910 VBMPX {104.72 USD, 2022-08-08}
  Assets:US:Vanguard:Cash                         -200.02 USD

2022-08-08 * "Investing 60% of cash in RGAGX"
  Assets:US:Vanguard:RGAGX                          7.582 RGAGX {39.57 USD, 2022-08-08}
  Assets:US:Vanguard:Cash                         -300.02 USD

2022-08-08 * "Investing 40% of cash in VBMPX"
  Assets:US:Vanguard:VBMPX                          0.955 VBMPX {104.72 USD, 2022-08-08}
  Assets:US:Vanguard:Cash                         -100.01 USD

2022-08-08 * "Investing 60% of cash in RGAGX"
  Assets:US:Vanguard:RGAGX                          3.791 RGAGX {39.57 USD, 2022-08-08}
  Assets:US:Vanguard:Cash                         -150.01 USD

2023-01-06 * "Employer match for contribution"
  Assets:US:Vanguard:Cash                          600.00 USD
  Income:US:Hooli:Match401k                       -600.00 USD

2023-01-09 * "Investing 40% of cash in VBMPX"
  Assets:US:Vanguard:VBMPX                          4.071 VBMPX {117.90 USD, 2023-01-09}
  Assets:US:Vanguard:Cash                         -479.97 USD

2023-01-09 * "Investing 60% of cash in RGAGX"
  Assets:US:Vanguard:RGAGX                         15.954 RGAGX {45.13 USD, 2023-01-09}
  Assets:US:Vanguard:Cash                         -720.00 USD

2023-01-09 * "Investing 40% of cash in VBMPX"
  Assets:US:Vanguard:VBMPX                          2.036 VBMPX {117.90 USD, 2023-01-09}
  Assets:US:Vanguard:Cash                         -240.04 USD

2023-01-09 * "Investing 60% of cash in RGAGX"
  Assets:US:Vanguard:RGAGX                          7.977 RGAGX {45.13 USD, 2023-01-09}
  Assets:US:Vanguard:Cash                         -360.00 USD

2023-01-20 * "Employer match for contribution"
  Assets:US:Vanguard:Cash                          600.00 USD
  Income:US:Hooli:Match401k                       -600.00 USD

2023-01-23 * "Investing 40% of cash in VBMPX"
  Assets:US:Vanguard:VBMPX                          4.086 VBMPX {117.47 USD, 2023-01-23}
  Assets:US:Vanguard:Cash                         -479.98 USD

2023-01-23 * "Investing 60% of cash in RGAGX"
  Assets:US:Vanguard:RGAGX                         15.571 RGAGX {46.24 USD, 2023-01-23}
  Assets:US:Vanguard:Cash                         -720.00 USD

2023-01-23 * "Investing 40% of cash in VBMPX"
  Assets:US:Vanguard:VBMPX                          2.043 VBMPX {117.47 USD, 2023-01-23}
  Assets:US:Vanguard:Cash                         -239.99 USD

2023-01-23 * "Investing 60% of cash in RGAGX"
  Assets:US:Vanguard:RGAGX                          7.786 RGAGX {46.24 USD, 2023-01-23}
  Assets:US:Vanguard:Cash                         -360.02 USD

2023-02-03 * "Employer match for contribution"
  Assets:US:Vanguard:Cash                          600.00 USD
  Income:US:Hooli:Match401k                       -600.00 USD

2023-02-06 * "Investing 40% of cash in VBMPX"
  Assets:US:Vanguard:VBMPX                          3.969 VBMPX {120.95 USD, 2023-02-06}
  Assets:US:Vanguard:Cash                         -480.05 USD

2023-02-06 * "Investing 60% of cash in RGAGX"
  Assets:US:Vanguard:RGAGX                         15.329 RGAGX {46.97 USD, 2023-02-06}
  Assets:US:Vanguard:Cash                         -720.00 USD

2023-02-06 * "Investing 40% of cash in VBMPX"
  Assets:US:Vanguard:VBMPX                          1.984 VBMPX {120.95 USD, 2023-02-06}
  Assets:US:Vanguard:Cash                         -239.96 USD

2023-02-06 * "Investing 60% of cash in RGAGX"
  Assets:US:Vanguard:RGAGX                          7.664 RGAGX {46.97 USD, 2023-02-06}
  Assets:US:Vanguard:Cash                         -359.98 USD

2023-02-17 * "Employer match for contribution"
  Assets:US:Vanguard:Cash                          600.00 USD
  Income:US:Hooli:Match401k                       -600.00 USD

2023-02-20 * "Investing 40% of cash in VBMPX"
  Assets:US:Vanguard:VBMPX                          3.977 VBMPX {120.70 USD, 2023-02-20}
  Assets:US:Vanguard:Cash                         -480.02 USD

2023-02-20 * "Investing 60% of cash in RGAGX"
  Assets:US:Vanguard:RGAGX                         15.511 RGAGX {46.42 USD, 2023-02-20}
  Assets:US:Vanguard:Cash                         -720.02 USD

2023-02-20 * "Investing 40% of cash in VBMPX"
  Assets:US:Vanguard:VBMPX                          1.988 VBMPX {120.70 USD, 2023-02-20}
  Assets:US:Vanguard:Cash                         -239.95 USD

2023-02-20 * "Investing 60% of cash in RGAGX"
  Assets:US:Vanguard:RGAGX                          7.755 RGAGX {46.42 USD, 2023-02-20}
  Assets:US:Vanguard:Cash                         -359.99 USD

2023-03-03 * "Employer match for contribution"
  Assets:US:Vanguard:Cash                          600.00 USD
  Income:US:Hooli:Match401k                       -600.00 USD

2023-03-06 * "Investing 40% of cash in VBMPX"
  Assets:US:Vanguard:VBMPX                          3.994 VBMPX {120.18 USD, 2023-03-06}
  Assets:US:Vanguard:Cash                         -480.00 USD

2023-03-06 * "Investing 60% of cash in RGAGX"
  Assets:US:Vanguard:RGAGX                         15.832 RGAGX {45.48 USD, 2023-03-06}
  Assets:US:Vanguard:Cash                         -720.04 USD

2023-03-06 * "Investing 40% of cash in VBMPX"
  Assets:US:Vanguard:VBMPX                          1.997 VBMPX {120.18 USD, 2023-03-06}
  Assets:US:Vanguard:Cash                         -240.00 USD

2023-03-06 * "Investing 60% of cash in RGAGX"
  Assets:US:Vanguard:RGAGX                          7.915 RGAGX {45.48 USD, 2023-03-06}
  Assets:US:Vanguard:Cash                         -359.97 USD

2023-03-17 * "Employer match for contribution"
  Assets:US:Vanguard:Cash                          600.00 USD
  Income:US:Hooli:Match401k                       -600.00 USD

2023-03-20 * "Investing 40% of cash in VBMPX"
  Assets:US:Vanguard:VBMPX                          4.046 VBMPX {118.64 USD, 2023-03-20}
  Assets:US:Vanguard:Cash                         -480.02 USD

2023-03-20 * "Investing 60% of cash in RGAGX"
  Assets:US:Vanguard:RGAGX                         15.548 RGAGX {46.31 USD, 2023-03-20}
  Assets:US:Vanguard:Cash                         -720.03 USD

2023-03-20 * "Investing 40% of cash in VBMPX"
  Assets:US:Vanguard:VBMPX                          2.023 VBMPX {118.64 USD, 2023-03-20}
  Assets:US:Vanguard:Cash                         -240.01 USD

2023-03-20 * "Investing 60% of cash in RGAGX"
  Assets:US:Vanguard:RGAGX                          7.773 RGAGX {46.31 USD, 2023-03-20}
  Assets:US:Vanguard:Cash                         -359.97 USD

2023-03-31 * "Employer match for contribution"
  Assets:US:Vanguard:Cash                          600.00 USD
  Income:US:Hooli:Match401k                       -600.00 USD

2023-04-03 * "Investing 40% of cash in VBMPX"
  Assets:US:Vanguard:VBMPX                          4.082 VBMPX {117.60 USD, 2023-04-03}
  Assets:US:Vanguard:Cash                         -480.04 USD

2023-04-03 * "Investing 60% of cash in RGAGX"
  Assets:US:Vanguard:RGAGX                         15.457 RGAGX {46.58 USD, 2023-04-03}
  Assets:US:Vanguard:Cash                         -719.99 USD

2023-04-03 * "Investing 40% of cash in VBMPX"
  Assets:US:Vanguard:VBMPX                          2.041 VBMPX {117.60 USD, 2023-04-03}
  Assets:US:Vanguard:Cash                         -240.02 USD

2023-04-03 * "Investing 60% of cash in RGAGX"
  Assets:US:Vanguard:RGAGX                          7.728 RGAGX {46.58 USD, 2023-04-03}
  Assets:US:Vanguard:Cash                         -359.97 USD

2023-04-14 * "Employer match for contribution"
  Assets:US:Vanguard:Cash                          600.00 USD
  Income:US:Hooli:Match401k                       -600.00 USD

2023-04-17 * "Investing 40% of cash in VBMPX"
  Assets:US:Vanguard:VBMPX                          3.979 VBMPX {120.62 USD, 2023-04-17}
  Assets:US:Vanguard:Cash                         -479.95 USD

2023-04-17 * "Investing 60% of cash in RGAGX"
  Assets:US:Vanguard:RGAGX                         15.768 RGAGX {45.66 USD, 2023-04-17}
  Assets:US:Vanguard:Cash                         -719.97 USD

2023-04-17 * "Investing 40% of cash in VBMPX"
  Assets:US:Vanguard:VBMPX                          1.990 VBMPX {120.62 USD, 2023-04-17}
  Assets:US:Vanguard:Cash                         -240.03 USD

2023-04-17 * "Investing 60% of cash in RGAGX"
  Assets:US:Vanguard:RGAGX                          7.885 RGAGX {45.66 USD, 2023-04-17}
  Assets:US:Vanguard:Cash                         -360.03 USD

2023-04-28 * "Employer match for contribution"
  Assets:US:Vanguard:Cash                          600.00 USD
  Income:US:Hooli:Match401k                       -600.00 USD

2023-05-01 * "Investing 40% of cash in VBMPX"
  Assets:US:Vanguard:VBMPX                          3.984 VBMPX {120.48 USD, 2023-05-01}
  Assets:US:Vanguard:Cash                         -479.99 USD

2023-05-01 * "Investing 60% of cash in RGAGX"
  Assets:US:Vanguard:RGAGX                         16.502 RGAGX {43.63 USD, 2023-05-01}
  Assets:US:Vanguard:Cash                         -719.98 USD

2023-05-01 * "Investing 40% of cash in VBMPX"
  Assets:US:Vanguard:VBMPX                          1.992 VBMPX {120.48 USD, 2023-05-01}
  Assets:US:Vanguard:Cash                         -240.00 USD

2023-05-01 * "Investing 60% of cash in RGAGX"
  Assets:US:Vanguard:RGAGX                          8.251 RGAGX {43.63 USD, 2023-05-01}
  Assets:US:Vanguard:Cash                         -359.99 USD

2023-05-12 * "Employer match for contribution"
  Assets:US:Vanguard:Cash                          600.00 USD
  Income:US:Hooli:Match401k                       -600.00 USD

2023-05-15 * "Investing 40% of cash in VBMPX"
  Assets:US:Vanguard:VBMPX                          3.932 VBMPX {122.08 USD, 2023-05-15}
  Assets:US:Vanguard:Cash                         -480.02 USD

2023-05-15 * "Investing 60% of cash in RGAGX"
  Assets:US:Vanguard:RGAGX                         16.294 RGAGX {44.19 USD, 2023-05-15}
  Assets:US:Vanguard:Cash                         -720.03 USD

2023-05-15 * "Investing 40% of cash in VBMPX"
  Assets:US:Vanguard:VBMPX                          1.966 VBMPX {122.08 USD, 2023-05-15}
  Assets:US:Vanguard:Cash                         -240.01 USD

2023-05-15 * "Investing 60% of cash in RGAGX"
  Assets:US:Vanguard:RGAGX                          8.146 RGAGX {44.19 USD, 2023-05-15}
  Assets:US:Vanguard:Cash                         -359.97 USD

2023-05-26 * "Employer match for contribution"
  Assets:US:Vanguard:Cash                          600.00 USD
  Income:US:Hooli:Match401k                       -600.00 USD

2023-05-29 * "Investing 40% of cash in VBMPX"
  Assets:US:Vanguard:VBMPX                          3.941 VBMPX {121.79 USD, 2023-05-29}
  Assets:US:Vanguard:Cash                         -479.97 USD

2023-05-29 * "Investing 60% of cash in RGAGX"
  Assets:US:Vanguard:RGAGX                         15.810 RGAGX {45.54 USD, 2023-05-29}
  Assets:US:Vanguard:Cash                         -719.99 USD

2023-05-29 * "Investing 40% of cash in VBMPX"
  Assets:US:Vanguard:VBMPX                          1.971 VBMPX {121.79 USD, 2023-05-29}
  Assets:US:Vanguard:Cash                         -240.05 USD

2023-05-29 * "Investing 60% of cash in RGAGX"
  Assets:US:Vanguard:RGAGX                          7.906 RGAGX {45.54 USD, 2023-05-29}
  Assets:US:Vanguard:Cash                         -360.04 USD

2023-06-09 * "Employer match for contribution"
  Assets:US:Vanguard:Cash                          600.00 USD
  Income:US:Hooli:Match401k                       -600.00 USD

2023-06-12 * "Investing 40% of cash in VBMPX"
  Assets:US:Vanguard:VBMPX                          3.842 VBMPX {124.94 USD, 2023-06-12}
  Assets:US:Vanguard:Cash                         -480.02 USD

2023-06-12 * "Investing 60% of cash in RGAGX"
  Assets:US:Vanguard:RGAGX                         15.618 RGAGX {46.10 USD, 2023-06-12}
  Assets:US:Vanguard:Cash                         -719.99 USD

2023-06-12 * "Investing 40% of cash in VBMPX"
  Assets:US:Vanguard:VBMPX                          1.921 VBMPX {124.94 USD, 2023-06-12}
  Assets:US:Vanguard:Cash                         -240.01 USD

2023-06-12 * "Investing 60% of cash in RGAGX"
  Assets:US:Vanguard:RGAGX                          7.808 RGAGX {46.10 USD, 2023-06-12}
  Assets:US:Vanguard:Cash                         -359.95 USD

2023-06-23 * "Employer match for contribution"
  Assets:US:Vanguard:Cash                          600.00 USD
  Income:US:Hooli:Match401k                       -600.00 USD

2023-06-26 * "Investing 40% of cash in VBMPX"
  Assets:US:Vanguard:VBMPX                          3.849 VBMPX {124.72 USD, 2023-06-26}
  Assets:US:Vanguard:Cash                         -480.05 USD

2023-06-26 * "Investing 60% of cash in RGAGX"
  Assets:US:Vanguard:RGAGX                         15.703 RGAGX {45.85 USD, 2023-06-26}
  Assets:US:Vanguard:Cash                         -719.98 USD

2023-06-26 * "Investing 40% of cash in VBMPX"
  Assets:US:Vanguard:VBMPX                          1.924 VBMPX {124.72 USD, 2023-06-26}
  Assets:US:Vanguard:Cash                         -239.96 USD

2023-06-26 * "Investing 60% of cash in RGAGX"
  Assets:US:Vanguard:RGAGX                          7.851 RGAGX {45.85 USD, 2023-06-26}
  Assets:US:Vanguard:Cash                         -359.97 USD

2023-07-07 * "Employer match for contribution"
  Assets:US:Vanguard:Cash                          600.00 USD
  Income:US:Hooli:Match401k                       -600.00 USD

2023-07-10 * "Investing 40% of cash in VBMPX"
  Assets:US:Vanguard:VBMPX                          3.801 VBMPX {126.29 USD, 2023-07-10}
  Assets:US:Vanguard:Cash                         -480.03 USD

2023-07-10 * "Investing 60% of cash in RGAGX"
  Assets:US:Vanguard:RGAGX                         15.591 RGAGX {46.18 USD, 2023-07-10}
  Assets:US:Vanguard:Cash                         -719.99 USD

2023-07-10 * "Investing 40% of cash in VBMPX"
  Assets:US:Vanguard:VBMPX                          1.900 VBMPX {126.29 USD, 2023-07-10}
  Assets:US:Vanguard:Cash                         -239.95 USD

2023-07-10 * "Investing 60% of cash in RGAGX"
  Assets:US:Vanguard:RGAGX                          7.796 RGAGX {46.18 USD, 2023-07-10}
  Assets:US:Vanguard:Cash                         -360.02 USD

2023-07-21 * "Employer match for contribution"
  Assets:US:Vanguard:Cash                          600.00 USD
  Income:US:Hooli:Match401k                       -600.00 USD

2023-07-24 * "Investing 40% of cash in VBMPX"
  Assets:US:Vanguard:VBMPX                          3.882 VBMPX {123.66 USD, 2023-07-24}
  Assets:US:Vanguard:Cash                         -480.05 USD

2023-07-24 * "Investing 60% of cash in RGAGX"
  Assets:US:Vanguard:RGAGX                         15.471 RGAGX {46.54 USD, 2023-07-24}
  Assets:US:Vanguard:Cash                         -720.02 USD

2023-07-24 * "Investing 40% of cash in VBMPX"
  Assets:US:Vanguard:VBMPX                          1.941 VBMPX {123.66 USD, 2023-07-24}
  Assets:US:Vanguard:Cash                         -240.02 USD

2023-07-24 * "Investing 60% of cash in RGAGX"
  Assets:US:Vanguard:RGAGX                          7.735 RGAGX {46.54 USD, 2023-07-24}
  Assets:US:Vanguard:Cash                         -359.99 USD

2023-08-04 * "Employer match for contribution"
  Assets:US:Vanguard:Cash                          250.00 USD
  Income:US:Hooli:Match401k                       -250.00 USD

2023-08-07 * "Investing 40% of cash in VBMPX"
  Assets:US:Vanguard:VBMPX                          1.611 VBMPX {124.11 USD, 2023-08-07}
  Assets:US:Vanguard:Cash                         -199.94 USD

2023-08-07 * "Investing 60% of cash in RGAGX"
  Assets:US:Vanguard:RGAGX                          6.531 RGAGX {45.93 USD, 2023-08-07}
  Assets:US:Vanguard:Cash                         -299.97 USD

2023-08-07 * "Investing 40% of cash in VBMPX"
  Assets:US:Vanguard:VBMPX                          0.806 VBMPX {124.11 USD, 2023-08-07}
  Assets:US:Vanguard:Cash                         -100.03 USD

2023-08-07 * "Investing 60% of cash in RGAGX"
  Assets:US:Vanguard:RGAGX                          3.266 RGAGX {45.93 USD, 2023-08-07}
  Assets:US:Vanguard:Cash                         -150.01 USD



* Sources of Income

2021-01-01 open Income:US:Hooli:Salary                      USD
2021-01-01 open Income:US:Hooli:GroupTermLife               USD
2021-01-01 open Income:US:Hooli:Vacation                    VACHR
2021-01-01 open Assets:US:Hooli:Vacation                    VACHR
2021-01-01 open Expenses:Vacation                               VACHR
2021-01-01 open Expenses:Health:Life:GroupTermLife
2021-01-01 open Expenses:Health:Medical:Insurance
2021-01-01 open Expenses:Health:Dental:Insurance
2021-01-01 open Expenses:Health:Vision:Insurance

2021-01-01 event "employer" "Hooli, 1 Carloston Rd, Mountain Beer, CA"

2021-01-07 * "Hooli" "Payroll"
  Assets:US:BofA:Checking                         1350.60 USD
  Assets:US:Vanguard:Cash                         1200.00 USD
  Income:US:Hooli:Salary                         -4615.38 USD
  Income:US:Hooli:GroupTermLife                    -24.32 USD
  Expenses:Health:Life:GroupTermLife                24.32 USD
  Expenses:Health:Dental:Insurance                   2.90 USD
  Expenses:Health:Medical:Insurance                 27.38 USD
  Expenses:Health:Vision:Insurance                  42.30 USD
  Expenses:Taxes:Y2021:US:Medicare                 106.62 USD
  Expenses:Taxes:Y2021:US:Federal                 1062.92 USD
  Expenses:Taxes:Y2021:US:State                    365.08 USD
  Expenses:Taxes:Y2021:US:CityNYC                  174.92 USD
  Expenses:Taxes:Y2021:US:SDI                        1.12 USD
  Expenses:Taxes:Y2021:US:SocSec                   281.54 USD
  Assets:US:Federal:PreTax401k                   -1200.00 IRAUSD
  Expenses:Taxes:Y2021:US:Federal:PreTax401k      1200.00 IRAUSD
  Assets:US:Hooli:Vacation                              5 VACHR
  Income:US:Hooli:Vacation                             -5 VACHR

2021-01-21 * "Hooli" "Payroll"
  Assets:US:BofA:Checking                         1350.60 USD
  Assets:US:Vanguard:Cash                         1200.00 USD
  Income:US:Hooli:Salary                         -4615.38 USD
  Income:US:Hooli:GroupTermLife                    -24.32 USD
  Expenses:Health:Life:GroupTermLife                24.32 USD
  Expenses:Health:Dental:Insurance                   2.90 USD
  Expenses:Health:Medical:Insurance                 27.38 USD
  Expenses:Health:Vision:Insurance                  42.30 USD
  Expenses:Taxes:Y2021:US:Medicare                 106.62 USD
  Expenses:Taxes:Y2021:US:Federal                 1062.92 USD
  Expenses:Taxes:Y2021:US:State                    365.08 USD
  Expenses:Taxes:Y2021:US:CityNYC                  174.92 USD
  Expenses:Taxes:Y2021:US:SDI                        1.12 USD
  Expenses:Taxes:Y2021:US:SocSec                   281.54 USD
  Assets:US:Federal:PreTax401k                   -1200.00 IRAUSD
  Expenses:Taxes:Y2021:US:Federal:PreTax401k      1200.00 IRAUSD
  Assets:US:Hooli:Vacation                              5 VACHR
  Income:US:Hooli:Vacation                             -5 VACHR

2021-02-04 * "Hooli" "Payroll"
  Assets:US:BofA:Checking                         1350.60 USD
  Assets:US:Vanguard:Cash                         1200.00 USD
  Income:US:Hooli:Salary                         -4615.38 USD
  Income:US:Hooli:GroupTermLife                    -24.32 USD
  Expenses:Health:Life:GroupTermLife                24.32 USD
  Expenses:Health:Dental:Insurance                   2.90 USD
  Expenses:Health:Medical:Insurance                 27.38 USD
  Expenses:Health:Vision:Insurance                  42.30 USD
  Expenses:Taxes:Y2021:US:Medicare                 106.62 USD
  Expenses:Taxes:Y2021:US:Federal                 1062.92 USD
  Expenses:Taxes:Y2021:US:State                    365.08 USD
  Expenses:Taxes:Y2021:US:CityNYC                  174.92 USD
  Expenses:Taxes:Y2021:US:SDI                        1.12 USD
  Expenses:Taxes:Y2021:US:SocSec                   281.54 USD
  Assets:US:Federal:PreTax401k                   -1200.00 IRAUSD
  Expenses:Taxes:Y2021:US:Federal:PreTax401k      1200.00 IRAUSD
  Assets:US:Hooli:Vacation                              5 VACHR
  Income:US:Hooli:Vacation                             -5 VACHR

2021-02-18 * "Hooli" "Payroll"
  Assets:US:BofA:Checking                         1350.60 USD
  Assets:US:Vanguard:Cash                         1200.00 USD
  Income:US:Hooli:Salary                         -4615.38 USD
  Income:US:Hooli:GroupTermLife                    -24.32 USD
  Expenses:Health:Life:GroupTermLife                24.32 USD
  Expenses:Health:Dental:Insurance                   2.90 USD
  Expenses:Health:Medical:Insurance                 27.38 USD
  Expenses:Health:Vision:Insurance                  42.30 USD
  Expenses:Taxes:Y2021:US:Medicare                 106.62 USD
  Expenses:Taxes:Y2021:US:Federal                 1062.92 USD
  Expenses:Taxes:Y2021:US:State                    365.08 USD
  Expenses:Taxes:Y2021:US:CityNYC                  174.92 USD
  Expenses:Taxes:Y2021:US:SDI                        1.12 USD
  Expenses:Taxes:Y2021:US:SocSec                   281.54 USD
  Assets:US:Federal:PreTax401k                   -1200.00 IRAUSD
  Expenses:Taxes:Y2021:US:Federal:PreTax401k      1200.00 IRAUSD
  Assets:US:Hooli:Vacation                              5 VACHR
  Income:US:Hooli:Vacation                             -5 VACHR

2021-03-04 * "Hooli" "Payroll"
  Assets:US:BofA:Checking                         1350.60 USD
  Assets:US:Vanguard:Cash                         1200.00 USD
  Income:US:Hooli:Salary                         -4615.38 USD
  Income:US:Hooli:GroupTermLife                    -24.32 USD
  Expenses:Health:Life:GroupTermLife                24.32 USD
  Expenses:Health:Dental:Insurance                   2.90 USD
  Expenses:Health:Medical:Insurance                 27.38 USD
  Expenses:Health:Vision:Insurance                  42.30 USD
  Expenses:Taxes:Y2021:US:Medicare                 106.62 USD
  Expenses:Taxes:Y2021:US:Federal                 1062.92 USD
  Expenses:Taxes:Y2021:US:State                    365.08 USD
  Expenses:Taxes:Y2021:US:CityNYC                  174.92 USD
  Expenses:Taxes:Y2021:US:SDI                        1.12 USD
  Expenses:Taxes:Y2021:US:SocSec                   281.54 USD
  Assets:US:Federal:PreTax401k                   -1200.00 IRAUSD
  Expenses:Taxes:Y2021:US:Federal:PreTax401k      1200.00 IRAUSD
  Assets:US:Hooli:Vacation                              5 VACHR
  Income:US:Hooli:Vacation                             -5 VACHR

2021-03-18 * "Hooli" "Payroll"
  Assets:US:BofA:Checking                         1350.60 USD
  Assets:US:Vanguard:Cash                         1200.00 USD
  Income:US:Hooli:Salary                         -4615.38 USD
  Income:US:Hooli:GroupTermLife                    -24.32 USD
  Expenses:Health:Life:GroupTermLife                24.32 USD
  Expenses:Health:Dental:Insurance                   2.90 USD
  Expenses:Health:Medical:Insurance                 27.38 USD
  Expenses:Health:Vision:Insurance                  42.30 USD
  Expenses:Taxes:Y2021:US:Medicare                 106.62 USD
  Expenses:Taxes:Y2021:US:Federal                 1062.92 USD
  Expenses:Taxes:Y2021:US:State                    365.08 USD
  Expenses:Taxes:Y2021:US:CityNYC                  174.92 USD
  Expenses:Taxes:Y2021:US:SDI                        1.12 USD
  Expenses:Taxes:Y2021:US:SocSec                   281.54 USD
  Assets:US:Federal:PreTax401k                   -1200.00 IRAUSD
  Expenses:Taxes:Y2021:US:Federal:PreTax401k      1200.00 IRAUSD
  Assets:US:Hooli:Vacation                              5 VACHR
  Income:US:Hooli:Vacation                             -5 VACHR

2021-04-01 * "Hooli" "Payroll"
  Assets:US:BofA:Checking                         1350.60 USD
  Assets:US:Vanguard:Cash                         1200.00 USD
  Income:US:Hooli:Salary                         -4615.38 USD
  Income:US:Hooli:GroupTermLife                    -24.32 USD
  Expenses:Health:Life:GroupTermLife                24.32 USD
  Expenses:Health:Dental:Insurance                   2.90 USD
  Expenses:Health:Medical:Insurance                 27.38 USD
  Expenses:Health:Vision:Insurance                  42.30 USD
  Expenses:Taxes:Y2021:US:Medicare                 106.62 USD
  Expenses:Taxes:Y2021:US:Federal                 1062.92 USD
  Expenses:Taxes:Y2021:US:State                    365.08 USD
  Expenses:Taxes:Y2021:US:CityNYC                  174.92 USD
  Expenses:Taxes:Y2021:US:SDI                        1.12 USD
  Expenses:Taxes:Y2021:US:SocSec                   281.54 USD
  Assets:US:Federal:PreTax401k                   -1200.00 IRAUSD
  Expenses:Taxes:Y2021:US:Federal:PreTax401k      1200.00 IRAUSD
  Assets:US:Hooli:Vacation                              5 VACHR
  Income:US:Hooli:Vacation                             -5 VACHR

2021-04-15 * "Hooli" "Payroll"
  Assets:US:BofA:Checking                         1350.60 USD
  Assets:US:Vanguard:Cash                         1200.00 USD
  Income:US:Hooli:Salary                         -4615.38 USD
  Income:US:Hooli:GroupTermLife                    -24.32 USD
  Expenses:Health:Life:GroupTermLife                24.32 USD
  Expenses:Health:Dental:Insurance                   2.90 USD
  Expenses:Health:Medical:Insurance                 27.38 USD
  Expenses:Health:Vision:Insurance                  42.30 USD
  Expenses:Taxes:Y2021:US:Medicare                 106.62 USD
  Expenses:Taxes:Y2021:US:Federal                 1062.92 USD
  Expenses:Taxes:Y2021:US:State                    365.08 USD
  Expenses:Taxes:Y2021:US:CityNYC                  174.92 USD
  Expenses:Taxes:Y2021:US:SDI                        1.12 USD
  Expenses:Taxes:Y2021:US:SocSec                   281.54 USD
  Assets:US:Federal:PreTax401k                   -1200.00 IRAUSD
  Expenses:Taxes:Y2021:US:Federal:PreTax401k      1200.00 IRAUSD
  Assets:US:Hooli:Vacation                              5 VACHR
  Income:US:Hooli:Vacation                             -5 VACHR

2021-04-29 * "Hooli" "Payroll"
  Assets:US:BofA:Checking                         1350.60 USD
  Assets:US:Vanguard:Cash                         1200.00 USD
  Income:US:Hooli:Salary                         -4615.38 USD
  Income:US:Hooli:GroupTermLife                    -24.32 USD
  Expenses:Health:Life:GroupTermLife                24.32 USD
  Expenses:Health:Dental:Insurance                   2.90 USD
  Expenses:Health:Medical:Insurance                 27.38 USD
  Expenses:Health:Vision:Insurance                  42.30 USD
  Expenses:Taxes:Y2021:US:Medicare                 106.62 USD
  Expenses:Taxes:Y2021:US:Federal                 1062.92 USD
  Expenses:Taxes:Y2021:US:State                    365.08 USD
  Expenses:Taxes:Y2021:US:CityNYC                  174.92 USD
  Expenses:Taxes:Y2021:US:SDI                        1.12 USD
  Expenses:Taxes:Y2021:US:SocSec                   281.54 USD
  Assets:US:Federal:PreTax401k                   -1200.00 IRAUSD
  Expenses:Taxes:Y2021:US:Federal:PreTax401k      1200.00 IRAUSD
  Assets:US:Hooli:Vacation                              5 VACHR
  Income:US:Hooli:Vacation                             -5 VACHR

2021-05-13 * "Hooli" "Payroll"
  Assets:US:BofA:Checking                         1350.60 USD
  Assets:US:Vanguard:Cash                         1200.00 USD
  Income:US:Hooli:Salary                         -4615.38 USD
  Income:US:Hooli:GroupTermLife                    -24.32 USD
  Expenses:Health:Life:GroupTermLife                24.32 USD
  Expenses:Health:Dental:Insurance                   2.90 USD
  Expenses:Health:Medical:Insurance                 27.38 USD
  Expenses:Health:Vision:Insurance                  42.30 USD
  Expenses:Taxes:Y2021:US:Medicare                 106.62 USD
  Expenses:Taxes:Y2021:US:Federal                 1062.92 USD
  Expenses:Taxes:Y2021:US:State                    365.08 USD
  Expenses:Taxes:Y2021:US:CityNYC                  174.92 USD
  Expenses:Taxes:Y2021:US:SDI                        1.12 USD
  Expenses:Taxes:Y2021:US:SocSec                   281.54 USD
  Assets:US:Federal:PreTax401k                   -1200.00 IRAUSD
  Expenses:Taxes:Y2021:US:Federal:PreTax401k      1200.00 IRAUSD
  Assets:US:Hooli:Vacation                              5 VACHR
  Income:US:Hooli:Vacation                             -5 VACHR

2021-05-27 * "Hooli" "Payroll"
  Assets:US:BofA:Checking                         1350.60 USD
  Assets:US:Vanguard:Cash                         1200.00 USD
  Income:US:Hooli:Salary                         -4615.38 USD
  Income:US:Hooli:GroupTermLife                    -24.32 USD
  Expenses:Health:Life:GroupTermLife                24.32 USD
  Expenses:Health:Dental:Insurance                   2.90 USD
  Expenses:Health:Medical:Insurance                 27.38 USD
  Expenses:Health:Vision:Insurance                  42.30 USD
  Expenses:Taxes:Y2021:US:Medicare                 106.62 USD
  Expenses:Taxes:Y2021:US:Federal                 1062.92 USD
  Expenses:Taxes:Y2021:US:State                    365.08 USD
  Expenses:Taxes:Y2021:US:CityNYC                  174.92 USD
  Expenses:Taxes:Y2021:US:SDI                        1.12 USD
  Expenses:Taxes:Y2021:US:SocSec                   281.54 USD
  Assets:US:Federal:PreTax401k                   -1200.00 IRAUSD
  Expenses:Taxes:Y2021:US:Federal:PreTax401k      1200.00 IRAUSD
  Assets:US:Hooli:Vacation                              5 VACHR
  Income:US:Hooli:Vacation                             -5 VACHR

2021-06-10 * "Hooli" "Payroll"
  Assets:US:BofA:Checking                         1350.60 USD
  Assets:US:Vanguard:Cash                         1200.00 USD
  Income:US:Hooli:Salary                         -4615.38 USD
  Income:US:Hooli:GroupTermLife                    -24.32 USD
  Expenses:Health:Life:GroupTermLife                24.32 USD
  Expenses:Health:Dental:Insurance                   2.90 USD
  Expenses:Health:Medical:Insurance                 27.38 USD
  Expenses:Health:Vision:Insurance                  42.30 USD
  Expenses:Taxes:Y2021:US:Medicare                 106.62 USD
  Expenses:Taxes:Y2021:US:Federal                 1062.92 USD
  Expenses:Taxes:Y2021:US:State                    365.08 USD
  Expenses:Taxes:Y2021:US:CityNYC                  174.92 USD
  Expenses:Taxes:Y2021:US:SDI                        1.12 USD
  Expenses:Taxes:Y2021:US:SocSec                   281.54 USD
  Assets:US:Federal:PreTax401k                   -1200.00 IRAUSD
  Expenses:Taxes:Y2021:US:Federal:PreTax401k      1200.00 IRAUSD
  Assets:US:Hooli:Vacation                              5 VACHR
  Income:US:Hooli:Vacation                             -5 VACHR

2021-06-24 * "Hooli" "Payroll"
  Assets:US:BofA:Checking                         1350.60 USD
  Assets:US:Vanguard:Cash                         1200.00 USD
  Income:US:Hooli:Salary                         -4615.38 USD
  Income:US:Hooli:GroupTermLife                    -24.32 USD
  Expenses:Health:Life:GroupTermLife                24.32 USD
  Expenses:Health:Dental:Insurance                   2.90 USD
  Expenses:Health:Medical:Insurance                 27.38 USD
  Expenses:Health:Vision:Insurance                  42.30 USD
  Expenses:Taxes:Y2021:US:Medicare                 106.62 USD
  Expenses:Taxes:Y2021:US:Federal                 1062.92 USD
  Expenses:Taxes:Y2021:US:State                    365.08 USD
  Expenses:Taxes:Y2021:US:CityNYC                  174.92 USD
  Expenses:Taxes:Y2021:US:SDI                        1.12 USD
  Expenses:Taxes:Y2021:US:SocSec                   281.54 USD
  Assets:US:Federal:PreTax401k                   -1200.00 IRAUSD
  Expenses:Taxes:Y2021:US:Federal:PreTax401k      1200.00 IRAUSD
  Assets:US:Hooli:Vacation                              5 VACHR
  Income:US:Hooli:Vacation                             -5 VACHR

2021-07-08 * "Hooli" "Payroll"
  Assets:US:BofA:Checking                         1350.60 USD
  Assets:US:Vanguard:Cash                         1200.00 USD
  Income:US:Hooli:Salary                         -4615.38 USD
  Income:US:Hooli:GroupTermLife                    -24.32 USD
  Expenses:Health:Life:GroupTermLife                24.32 USD
  Expenses:Health:Dental:Insurance                   2.90 USD
  Expenses:Health:Medical:Insurance                 27.38 USD
  Expenses:Health:Vision:Insurance                  42.30 USD
  Expenses:Taxes:Y2021:US:Medicare                 106.62 USD
  Expenses:Taxes:Y2021:US:Federal                 1062.92 USD
  Expenses:Taxes:Y2021:US:State                    365.08 USD
  Expenses:Taxes:Y2021:US:CityNYC                  174.92 USD
  Expenses:Taxes:Y2021:US:SDI                        1.12 USD
  Expenses:Taxes:Y2021:US:SocSec                   281.54 USD
  Assets:US:Federal:PreTax401k                   -1200.00 IRAUSD
  Expenses:Taxes:Y2021:US:Federal:PreTax401k      1200.00 IRAUSD
  Assets:US:Hooli:Vacation                              5 VACHR
  Income:US:Hooli:Vacation                             -5 VACHR

2021-07-22 * "Hooli" "Payroll"
  Assets:US:BofA:Checking                         1350.60 USD
  Assets:US:Vanguard:Cash                         1200.00 USD
  Income:US:Hooli:Salary                         -4615.38 USD
  Income:US:Hooli:GroupTermLife                    -24.32 USD
  Expenses:Health:Life:GroupTermLife                24.32 USD
  Expenses:Health:Dental:Insurance                   2.90 USD
  Expenses:Health:Medical:Insurance                 27.38 USD
  Expenses:Health:Vision:Insurance                  42.30 USD
  Expenses:Taxes:Y2021:US:Medicare                 106.62 USD
  Expenses:Taxes:Y2021:US:Federal                 1062.92 USD
  Expenses:Taxes:Y2021:US:State                    365.08 USD
  Expenses:Taxes:Y2021:US:CityNYC                  174.92 USD
  Expenses:Taxes:Y2021:US:SDI                        1.12 USD
  Expenses:Taxes:Y2021:US:SocSec                   281.54 USD
  Assets:US:Federal:PreTax401k                   -1200.00 IRAUSD
  Expenses:Taxes:Y2021:US:Federal:PreTax401k      1200.00 IRAUSD
  Assets:US:Hooli:Vacation                              5 VACHR
  Income:US:Hooli:Vacation                             -5 VACHR

2021-08-05 * "Hooli" "Payroll"
  Assets:US:BofA:Checking                         2050.60 USD
  Assets:US:Vanguard:Cash                          500.00 USD
  Income:US:Hooli:Salary                         -4615.38 USD
  Income:US:Hooli:GroupTermLife                    -24.32 USD
  Expenses:Health:Life:GroupTermLife                24.32 USD
  Expenses:Health:Dental:Insurance                   2.90 USD
  Expenses:Health:Medical:Insurance                 27.38 USD
  Expenses:Health:Vision:Insurance                  42.30 USD
  Expenses:Taxes:Y2021:US:Medicare                 106.62 USD
  Expenses:Taxes:Y2021:US:Federal                 1062.92 USD
  Expenses:Taxes:Y2021:US:State                    365.08 USD
  Expenses:Taxes:Y2021:US:CityNYC                  174.92 USD
  Expenses:Taxes:Y2021:US:SDI                        1.12 USD
  Expenses:Taxes:Y2021:US:SocSec                   281.54 USD
  Assets:US:Federal:PreTax401k                    -500.00 IRAUSD
  Expenses:Taxes:Y2021:US:Federal:PreTax401k       500.00 IRAUSD
  Assets:US:Hooli:Vacation                              5 VACHR
  Income:US:Hooli:Vacation                             -5 VACHR

2021-08-19 * "Hooli" "Payroll"
  Assets:US:BofA:Checking                         2550.60 USD
  Income:US:Hooli:Salary                         -4615.38 USD
  Income:US:Hooli:GroupTermLife                    -24.32 USD
  Expenses:Health:Life:GroupTermLife                24.32 USD
  Expenses:Health:Dental:Insurance                   2.90 USD
  Expenses:Health:Medical:Insurance                 27.38 USD
  Expenses:Health:Vision:Insurance                  42.30 USD
  Expenses:Taxes:Y2021:US:Medicare                 106.62 USD
  Expenses:Taxes:Y2021:US:Federal                 1062.92 USD
  Expenses:Taxes:Y2021:US:State                    365.08 USD
  Expenses:Taxes:Y2021:US:CityNYC                  174.92 USD
  Expenses:Taxes:Y2021:US:SDI                        1.12 USD
  Expenses:Taxes:Y2021:US:SocSec                   281.54 USD
  Assets:US:Federal:PreTax401k                       0.00 IRAUSD
  Assets:US:Hooli:Vacation                              5 VACHR
  Income:US:Hooli:Vacation                             -5 VACHR

2021-09-02 * "Hooli" "Payroll"
  Assets:US:BofA:Checking                         2550.60 USD
  Income:US:Hooli:Salary                         -4615.38 USD
  Income:US:Hooli:GroupTermLife                    -24.32 USD
  Expenses:Health:Life:GroupTermLife                24.32 USD
  Expenses:Health:Dental:Insurance                   2.90 USD
  Expenses:Health:Medical:Insurance                 27.38 USD
  Expenses:Health:Vision:Insurance                  42.30 USD
  Expenses:Taxes:Y2021:US:Medicare                 106.62 USD
  Expenses:Taxes:Y2021:US:Federal                 1062.92 USD
  Expenses:Taxes:Y2021:US:State                    365.08 USD
  Expenses:Taxes:Y2021:US:CityNYC                  174.92 USD
  Expenses:Taxes:Y2021:US:SDI                        1.12 USD
  Expenses:Taxes:Y2021:US:SocSec                   281.54 USD
  Assets:US:Federal:PreTax401k                       0.00 IRAUSD
  Assets:US:Hooli:Vacation                              5 VACHR
  Income:US:Hooli:Vacation                             -5 VACHR

2021-09-16 * "Hooli" "Payroll"
  Assets:US:BofA:Checking                         2550.60 USD
  Income:US:Hooli:Salary                         -4615.38 USD
  Income:US:Hooli:GroupTermLife                    -24.32 USD
  Expenses:Health:Life:GroupTermLife                24.32 USD
  Expenses:Health:Dental:Insurance                   2.90 USD
  Expenses:Health:Medical:Insurance                 27.38 USD
  Expenses:Health:Vision:Insurance                  42.30 USD
  Expenses:Taxes:Y2021:US:Medicare                 106.62 USD
  Expenses:Taxes:Y2021:US:Federal                 1062.92 USD
  Expenses:Taxes:Y2021:US:State                    365.08 USD
  Expenses:Taxes:Y2021:US:CityNYC                  174.92 USD
  Expenses:Taxes:Y2021:US:SDI                        1.12 USD
  Expenses:Taxes:Y2021:US:SocSec                   281.54 USD
  Assets:US:Federal:PreTax401k                       0.00 IRAUSD
  Assets:US:Hooli:Vacation                              5 VACHR
  Income:US:Hooli:Vacation                             -5 VACHR

2021-09-30 * "Hooli" "Payroll"
  Assets:US:BofA:Checking                         2550.60 USD
  Income:US:Hooli:Salary                         -4615.38 USD
  Income:US:Hooli:GroupTermLife                    -24.32 USD
  Expenses:Health:Life:GroupTermLife                24.32 USD
  Expenses:Health:Dental:Insurance                   2.90 USD
  Expenses:Health:Medical:Insurance                 27.38 USD
  Expenses:Health:Vision:Insurance                  42.30 USD
  Expenses:Taxes:Y2021:US:Medicare                 106.62 USD
  Expenses:Taxes:Y2021:US:Federal                 1062.92 USD
  Expenses:Taxes:Y2021:US:State                    365.08 USD
  Expenses:Taxes:Y2021:US:CityNYC                  174.92 USD
  Expenses:Taxes:Y2021:US:SDI                        1.12 USD
  Expenses:Taxes:Y2021:US:SocSec                   281.54 USD
  Assets:US:Federal:PreTax401k                       0.00 IRAUSD
  Assets:US:Hooli:Vacation                              5 VACHR
  Income:US:Hooli:Vacation                             -5 VACHR

2021-10-14 * "Hooli" "Payroll"
  Assets:US:BofA:Checking                         2550.60 USD
  Income:US:Hooli:Salary                         -4615.38 USD
  Income:US:Hooli:GroupTermLife                    -24.32 USD
  Expenses:Health:Life:GroupTermLife                24.32 USD
  Expenses:Health:Dental:Insurance                   2.90 USD
  Expenses:Health:Medical:Insurance                 27.38 USD
  Expenses:Health:Vision:Insurance                  42.30 USD
  Expenses:Taxes:Y2021:US:Medicare                 106.62 USD
  Expenses:Taxes:Y2021:US:Federal                 1062.92 USD
  Expenses:Taxes:Y2021:US:State                    365.08 USD
  Expenses:Taxes:Y2021:US:CityNYC                  174.92 USD
  Expenses:Taxes:Y2021:US:SDI                        1.12 USD
  Expenses:Taxes:Y2021:US:SocSec                   281.54 USD
  Assets:US:Federal:PreTax401k                       0.00 IRAUSD
  Assets:US:Hooli:Vacation                              5 VACHR
  Income:US:Hooli:Vacation                             -5 VACHR

2021-10-28 * "Hooli" "Payroll"
  Assets:US:BofA:Checking                         2550.60 USD
  Income:US:Hooli:Salary                         -4615.38 USD
  Income:US:Hooli:GroupTermLife                    -24.32 USD
  Expenses:Health:Life:GroupTermLife                24.32 USD
  Expenses:Health:Dental:Insurance                   2.90 USD
  Expenses:Health:Medical:Insurance                 27.38 USD
  Expenses:Health:Vision:Insurance                  42.30 USD
  Expenses:Taxes:Y2021:US:Medicare                 106.62 USD
  Expenses:Taxes:Y2021:US:Federal                 1062.92 USD
  Expenses:Taxes:Y2021:US:State                    365.08 USD
  Expenses:Taxes:Y2021:US:CityNYC                  174.92 USD
  Expenses:Taxes:Y2021:US:SDI                        1.12 USD
  Expenses:Taxes:Y2021:US:SocSec                   281.54 USD
  Assets:US:Federal:PreTax401k                       0.00 IRAUSD
  Assets:US:Hooli:Vacation                              5 VACHR
  Income:US:Hooli:Vacation                             -5 VACHR

2021-11-11 * "Hooli" "Payroll"
  Assets:US:BofA:Checking                         2550.60 USD
  Income:US:Hooli:Salary                         -4615.38 USD
  Income:US:Hooli:GroupTermLife                    -24.32 USD
  Expenses:Health:Life:GroupTermLife                24.32 USD
  Expenses:Health:Dental:Insurance                   2.90 USD
  Expenses:Health:Medical:Insurance                 27.38 USD
  Expenses:Health:Vision:Insurance                  42.30 USD
  Expenses:Taxes:Y2021:US:Medicare                 106.62 USD
  Expenses:Taxes:Y2021:US:Federal                 1062.92 USD
  Expenses:Taxes:Y2021:US:State                    365.08 USD
  Expenses:Taxes:Y2021:US:CityNYC                  174.92 USD
  Expenses:Taxes:Y2021:US:SDI                        1.12 USD
  Expenses:Taxes:Y2021:US:SocSec                   281.54 USD
  Assets:US:Federal:PreTax401k                       0.00 IRAUSD
  Assets:US:Hooli:Vacation                              5 VACHR
  Income:US:Hooli:Vacation                             -5 VACHR

2021-11-25 * "Hooli" "Payroll"
  Assets:US:BofA:Checking                         2550.60 USD
  Income:US:Hooli:Salary                         -4615.38 USD
  Income:US:Hooli:GroupTermLife                    -24.32 USD
  Expenses:Health:Life:GroupTermLife                24.32 USD
  Expenses:Health:Dental:Insurance                   2.90 USD
  Expenses:Health:Medical:Insurance                 27.38 USD
  Expenses:Health:Vision:Insurance                  42.30 USD
  Expenses:Taxes:Y2021:US:Medicare                 106.62 USD
  Expenses:Taxes:Y2021:US:Federal                 1062.92 USD
  Expenses:Taxes:Y2021:US:State                    365.08 USD
  Expenses:Taxes:Y2021:US:CityNYC                  174.92 USD
  Expenses:Taxes:Y2021:US:SDI                        1.12 USD
  Expenses:Taxes:Y2021:US:SocSec                   281.54 USD
  Assets:US:Federal:PreTax401k                       0.00 IRAUSD
  Assets:US:Hooli:Vacation                              5 VACHR
  Income:US:Hooli:Vacation                             -5 VACHR

2021-12-09 * "Hooli" "Payroll"
  Assets:US:BofA:Checking                         2589.06 USD
  Income:US:Hooli:Salary                         -4615.38 USD
  Income:US:Hooli:GroupTermLife                    -24.32 USD
  Expenses:Health:Life:GroupTermLife                24.32 USD
  Expenses:Health:Dental:Insurance                   2.90 USD
  Expenses:Health:Medical:Insurance                 27.38 USD
  Expenses:Health:Vision:Insurance                  42.30 USD
  Expenses:Taxes:Y2021:US:Medicare                 106.62 USD
  Expenses:Taxes:Y2021:US:Federal                 1062.92 USD
  Expenses:Taxes:Y2021:US:State                    365.08 USD
  Expenses:Taxes:Y2021:US:CityNYC                  174.92 USD
  Expenses:Taxes:Y2021:US:SDI                        1.12 USD
  Expenses:Taxes:Y2021:US:SocSec                   243.08 USD
  Assets:US:Federal:PreTax401k                       0.00 IRAUSD
  Assets:US:Hooli:Vacation                              5 VACHR
  Income:US:Hooli:Vacation                             -5 VACHR

2021-12-23 * "Hooli" "Payroll"
  Assets:US:BofA:Checking                         2832.14 USD
  Income:US:Hooli:Salary                         -4615.38 USD
  Income:US:Hooli:GroupTermLife                    -24.32 USD
  Expenses:Health:Life:GroupTermLife                24.32 USD
  Expenses:Health:Dental:Insurance                   2.90 USD
  Expenses:Health:Medical:Insurance                 27.38 USD
  Expenses:Health:Vision:Insurance                  42.30 USD
  Expenses:Taxes:Y2021:US:Medicare                 106.62 USD
  Expenses:Taxes:Y2021:US:Federal                 1062.92 USD
  Expenses:Taxes:Y2021:US:State                    365.08 USD
  Expenses:Taxes:Y2021:US:CityNYC                  174.92 USD
  Expenses:Taxes:Y2021:US:SDI                        1.12 USD
  Expenses:Taxes:Y2021:US:SocSec                     0.00 USD
  Assets:US:Federal:PreTax401k                       0.00 IRAUSD
  Assets:US:Hooli:Vacation                              5 VACHR
  Income:US:Hooli:Vacation                             -5 VACHR

2022-01-06 * "Hooli" "Payroll"
  Assets:US:BofA:Checking                         1350.60 USD
  Assets:US:Vanguard:Cash                         1200.00 USD
  Income:US:Hooli:Salary                         -4615.38 USD
  Income:US:Hooli:GroupTermLife                    -24.32 USD
  Expenses:Health:Life:GroupTermLife                24.32 USD
  Expenses:Health:Dental:Insurance                   2.90 USD
  Expenses:Health:Medical:Insurance                 27.38 USD
  Expenses:Health:Vision:Insurance                  42.30 USD
  Expenses:Taxes:Y2022:US:Medicare                 106.62 USD
  Expenses:Taxes:Y2022:US:Federal                 1062.92 USD
  Expenses:Taxes:Y2022:US:State                    365.08 USD
  Expenses:Taxes:Y2022:US:CityNYC                  174.92 USD
  Expenses:Taxes:Y2022:US:SDI                        1.12 USD
  Expenses:Taxes:Y2022:US:SocSec                   281.54 USD
  Assets:US:Federal:PreTax401k                   -1200.00 IRAUSD
  Expenses:Taxes:Y2022:US:Federal:PreTax401k      1200.00 IRAUSD
  Assets:US:Hooli:Vacation                              5 VACHR
  Income:US:Hooli:Vacation                             -5 VACHR

2022-01-20 * "Hooli" "Payroll"
  Assets:US:BofA:Checking                         1350.60 USD
  Assets:US:Vanguard:Cash                         1200.00 USD
  Income:US:Hooli:Salary                         -4615.38 USD
  Income:US:Hooli:GroupTermLife                    -24.32 USD
  Expenses:Health:Life:GroupTermLife                24.32 USD
  Expenses:Health:Dental:Insurance                   2.90 USD
  Expenses:Health:Medical:Insurance                 27.38 USD
  Expenses:Health:Vision:Insurance                  42.30 USD
  Expenses:Taxes:Y2022:US:Medicare                 106.62 USD
  Expenses:Taxes:Y2022:US:Federal                 1062.92 USD
  Expenses:Taxes:Y2022:US:State                    365.08 USD
  Expenses:Taxes:Y2022:US:CityNYC                  174.92 USD
  Expenses:Taxes:Y2022:US:SDI                        1.12 USD
  Expenses:Taxes:Y2022:US:SocSec                   281.54 USD
  Assets:US:Federal:PreTax401k                   -1200.00 IRAUSD
  Expenses:Taxes:Y2022:US:Federal:PreTax401k      1200.00 IRAUSD
  Assets:US:Hooli:Vacation                              5 VACHR
  Income:US:Hooli:Vacation                             -5 VACHR

2022-02-03 * "Hooli" "Payroll"
  Assets:US:BofA:Checking                         1350.60 USD
  Assets:US:Vanguard:Cash                         1200.00 USD
  Income:US:Hooli:Salary                         -4615.38 USD
  Income:US:Hooli:GroupTermLife                    -24.32 USD
  Expenses:Health:Life:GroupTermLife                24.32 USD
  Expenses:Health:Dental:Insurance                   2.90 USD
  Expenses:Health:Medical:Insurance                 27.38 USD
  Expenses:Health:Vision:Insurance                  42.30 USD
  Expenses:Taxes:Y2022:US:Medicare                 106.62 USD
  Expenses:Taxes:Y2022:US:Federal                 1062.92 USD
  Expenses:Taxes:Y2022:US:State                    365.08 USD
  Expenses:Taxes:Y2022:US:CityNYC                  174.92 USD
  Expenses:Taxes:Y2022:US:SDI                        1.12 USD
  Expenses:Taxes:Y2022:US:SocSec                   281.54 USD
  Assets:US:Federal:PreTax401k                   -1200.00 IRAUSD
  Expenses:Taxes:Y2022:US:Federal:PreTax401k      1200.00 IRAUSD
  Assets:US:Hooli:Vacation                              5 VACHR
  Income:US:Hooli:Vacation                             -5 VACHR

2022-02-17 * "Hooli" "Payroll"
  Assets:US:BofA:Checking                         1350.60 USD
  Assets:US:Vanguard:Cash                         1200.00 USD
  Income:US:Hooli:Salary                         -4615.38 USD
  Income:US:Hooli:GroupTermLife                    -24.32 USD
  Expenses:Health:Life:GroupTermLife                24.32 USD
  Expenses:Health:Dental:Insurance                   2.90 USD
  Expenses:Health:Medical:Insurance                 27.38 USD
  Expenses:Health:Vision:Insurance                  42.30 USD
  Expenses:Taxes:Y2022:US:Medicare                 106.62 USD
  Expenses:Taxes:Y2022:US:Federal                 1062.92 USD
  Expenses:Taxes:Y2022:US:State                    365.08 USD
  Expenses:Taxes:Y2022:US:CityNYC                  174.92 USD
  Expenses:Taxes:Y2022:US:SDI                        1.12 USD
  Expenses:Taxes:Y2022:US:SocSec                   281.54 USD
  Assets:US:Federal:PreTax401k                   -1200.00 IRAUSD
  Expenses:Taxes:Y2022:US:Federal:PreTax401k      1200.00 IRAUSD
  Assets:US:Hooli:Vacation                              5 VACHR
  Income:US:Hooli:Vacation                             -5 VACHR

2022-03-03 * "Hooli" "Payroll"
  Assets:US:BofA:Checking                         1350.60 USD
  Assets:US:Vanguard:Cash                         1200.00 USD
  Income:US:Hooli:Salary                         -4615.38 USD
  Income:US:Hooli:GroupTermLife                    -24.32 USD
  Expenses:Health:Life:GroupTermLife                24.32 USD
  Expenses:Health:Dental:Insurance                   2.90 USD
  Expenses:Health:Medical:Insurance                 27.38 USD
  Expenses:Health:Vision:Insurance                  42.30 USD
  Expenses:Taxes:Y2022:US:Medicare                 106.62 USD
  Expenses:Taxes:Y2022:US:Federal                 1062.92 USD
  Expenses:Taxes:Y2022:US:State                    365.08 USD
  Expenses:Taxes:Y2022:US:CityNYC                  174.92 USD
  Expenses:Taxes:Y2022:US:SDI                        1.12 USD
  Expenses:Taxes:Y2022:US:SocSec                   281.54 USD
  Assets:US:Federal:PreTax401k                   -1200.00 IRAUSD
  Expenses:Taxes:Y2022:US:Federal:PreTax401k      1200.00 IRAUSD
  Assets:US:Hooli:Vacation                              5 VACHR
  Income:US:Hooli:Vacation                             -5 VACHR

2022-03-17 * "Hooli" "Payroll"
  Assets:US:BofA:Checking                         1350.60 USD
  Assets:US:Vanguard:Cash                         1200.00 USD
  Income:US:Hooli:Salary                         -4615.38 USD
  Income:US:Hooli:GroupTermLife                    -24.32 USD
  Expenses:Health:Life:GroupTermLife                24.32 USD
  Expenses:Health:Dental:Insurance                   2.90 USD
  Expenses:Health:Medical:Insurance                 27.38 USD
  Expenses:Health:Vision:Insurance                  42.30 USD
  Expenses:Taxes:Y2022:US:Medicare                 106.62 USD
  Expenses:Taxes:Y2022:US:Federal                 1062.92 USD
  Expenses:Taxes:Y2022:US:State                    365.08 USD
  Expenses:Taxes:Y2022:US:CityNYC                  174.92 USD
  Expenses:Taxes:Y2022:US:SDI                        1.12 USD
  Expenses:Taxes:Y2022:US:SocSec                   281.54 USD
  Assets:US:Federal:PreTax401k                   -1200.00 IRAUSD
  Expenses:Taxes:Y2022:US:Federal:PreTax401k      1200.00 IRAUSD
  Assets:US:Hooli:Vacation                              5 VACHR
  Income:US:Hooli:Vacation                             -5 VACHR

2022-03-31 * "Hooli" "Payroll"
  Assets:US:BofA:Checking                         1350.60 USD
  Assets:US:Vanguard:Cash                         1200.00 USD
  Income:US:Hooli:Salary                         -4615.38 USD
  Income:US:Hooli:GroupTermLife                    -24.32 USD
  Expenses:Health:Life:GroupTermLife                24.32 USD
  Expenses:Health:Dental:Insurance                   2.90 USD
  Expenses:Health:Medical:Insurance                 27.38 USD
  Expenses:Health:Vision:Insurance                  42.30 USD
  Expenses:Taxes:Y2022:US:Medicare                 106.62 USD
  Expenses:Taxes:Y2022:US:Federal                 1062.92 USD
  Expenses:Taxes:Y2022:US:State                    365.08 USD
  Expenses:Taxes:Y2022:US:CityNYC                  174.92 USD
  Expenses:Taxes:Y2022:US:SDI                        1.12 USD
  Expenses:Taxes:Y2022:US:SocSec                   281.54 USD
  Assets:US:Federal:PreTax401k                   -1200.00 IRAUSD
  Expenses:Taxes:Y2022:US:Federal:PreTax401k      1200.00 IRAUSD
  Assets:US:Hooli:Vacation                              5 VACHR
  Income:US:Hooli:Vacation                             -5 VACHR

2022-04-14 * "Hooli" "Payroll"
  Assets:US:BofA:Checking                         1350.60 USD
  Assets:US:Vanguard:Cash                         1200.00 USD
  Income:US:Hooli:Salary                         -4615.38 USD
  Income:US:Hooli:GroupTermLife                    -24.32 USD
  Expenses:Health:Life:GroupTermLife                24.32 USD
  Expenses:Health:Dental:Insurance                   2.90 USD
  Expenses:Health:Medical:Insurance                 27.38 USD
  Expenses:Health:Vision:Insurance                  42.30 USD
  Expenses:Taxes:Y2022:US:Medicare                 106.62 USD
  Expenses:Taxes:Y2022:US:Federal                 1062.92 USD
  Expenses:Taxes:Y2022:US:State                    365.08 USD
  Expenses:Taxes:Y2022:US:CityNYC                  174.92 USD
  Expenses:Taxes:Y2022:US:SDI                        1.12 USD
  Expenses:Taxes:Y2022:US:SocSec                   281.54 USD
  Assets:US:Federal:PreTax401k                   -1200.00 IRAUSD
  Expenses:Taxes:Y2022:US:Federal:PreTax401k      1200.00 IRAUSD
  Assets:US:Hooli:Vacation                              5 VACHR
  Income:US:Hooli:Vacation                             -5 VACHR

2022-04-28 * "Hooli" "Payroll"
  Assets:US:BofA:Checking                         1350.60 USD
  Assets:US:Vanguard:Cash                         1200.00 USD
  Income:US:Hooli:Salary                         -4615.38 USD
  Income:US:Hooli:GroupTermLife                    -24.32 USD
  Expenses:Health:Life:GroupTermLife                24.32 USD
  Expenses:Health:Dental:Insurance                   2.90 USD
  Expenses:Health:Medical:Insurance                 27.38 USD
  Expenses:Health:Vision:Insurance                  42.30 USD
  Expenses:Taxes:Y2022:US:Medicare                 106.62 USD
  Expenses:Taxes:Y2022:US:Federal                 1062.92 USD
  Expenses:Taxes:Y2022:US:State                    365.08 USD
  Expenses:Taxes:Y2022:US:CityNYC                  174.92 USD
  Expenses:Taxes:Y2022:US:SDI                        1.12 USD
  Expenses:Taxes:Y2022:US:SocSec                   281.54 USD
  Assets:US:Federal:PreTax401k                   -1200.00 IRAUSD
  Expenses:Taxes:Y2022:US:Federal:PreTax401k      1200.00 IRAUSD
  Assets:US:Hooli:Vacation                              5 VACHR
  Income:US:Hooli:Vacation                             -5 VACHR

2022-05-12 * "Hooli" "Payroll"
  Assets:US:BofA:Checking                         1350.60 USD
  Assets:US:Vanguard:Cash                         1200.00 USD
  Income:US:Hooli:Salary                         -4615.38 USD
  Income:US:Hooli:GroupTermLife                    -24.32 USD
  Expenses:Health:Life:GroupTermLife                24.32 USD
  Expenses:Health:Dental:Insurance                   2.90 USD
  Expenses:Health:Medical:Insurance                 27.38 USD
  Expenses:Health:Vision:Insurance                  42.30 USD
  Expenses:Taxes:Y2022:US:Medicare                 106.62 USD
  Expenses:Taxes:Y2022:US:Federal                 1062.92 USD
  Expenses:Taxes:Y2022:US:State                    365.08 USD
  Expenses:Taxes:Y2022:US:CityNYC                  174.92 USD
  Expenses:Taxes:Y2022:US:SDI                        1.12 USD
  Expenses:Taxes:Y2022:US:SocSec                   281.54 USD
  Assets:US:Federal:PreTax401k                   -1200.00 IRAUSD
  Expenses:Taxes:Y2022:US:Federal:PreTax401k      1200.00 IRAUSD
  Assets:US:Hooli:Vacation                              5 VACHR
  Income:US:Hooli:Vacation                             -5 VACHR

2022-05-26 * "Hooli" "Payroll"
  Assets:US:BofA:Checking                         1350.60 USD
  Assets:US:Vanguard:Cash                         1200.00 USD
  Income:US:Hooli:Salary                         -4615.38 USD
  Income:US:Hooli:GroupTermLife                    -24.32 USD
  Expenses:Health:Life:GroupTermLife                24.32 USD
  Expenses:Health:Dental:Insurance                   2.90 USD
  Expenses:Health:Medical:Insurance                 27.38 USD
  Expenses:Health:Vision:Insurance                  42.30 USD
  Expenses:Taxes:Y2022:US:Medicare                 106.62 USD
  Expenses:Taxes:Y2022:US:Federal                 1062.92 USD
  Expenses:Taxes:Y2022:US:State                    365.08 USD
  Expenses:Taxes:Y2022:US:CityNYC                  174.92 USD
  Expenses:Taxes:Y2022:US:SDI                        1.12 USD
  Expenses:Taxes:Y2022:US:SocSec                   281.54 USD
  Assets:US:Federal:PreTax401k                   -1200.00 IRAUSD
  Expenses:Taxes:Y2022:US:Federal:PreTax401k      1200.00 IRAUSD
  Assets:US:Hooli:Vacation                              5 VACHR
  Income:US:Hooli:Vacation                             -5 VACHR

2022-06-09 * "Hooli" "Payroll"
  Assets:US:BofA:Checking                         1350.60 USD
  Assets:US:Vanguard:Cash                         1200.00 USD
  Income:US:Hooli:Salary                         -4615.38 USD
  Income:US:Hooli:GroupTermLife                    -24.32 USD
  Expenses:Health:Life:GroupTermLife                24.32 USD
  Expenses:Health:Dental:Insurance                   2.90 USD
  Expenses:Health:Medical:Insurance                 27.38 USD
  Expenses:Health:Vision:Insurance                  42.30 USD
  Expenses:Taxes:Y2022:US:Medicare                 106.62 USD
  Expenses:Taxes:Y2022:US:Federal                 1062.92 USD
  Expenses:Taxes:Y2022:US:State                    365.08 USD
  Expenses:Taxes:Y2022:US:CityNYC                  174.92 USD
  Expenses:Taxes:Y2022:US:SDI                        1.12 USD
  Expenses:Taxes:Y2022:US:SocSec                   281.54 USD
  Assets:US:Federal:PreTax401k                   -1200.00 IRAUSD
  Expenses:Taxes:Y2022:US:Federal:PreTax401k      1200.00 IRAUSD
  Assets:US:Hooli:Vacation                              5 VACHR
  Income:US:Hooli:Vacation                             -5 VACHR

2022-06-23 * "Hooli" "Payroll"
  Assets:US:BofA:Checking                         1350.60 USD
  Assets:US:Vanguard:Cash                         1200.00 USD
  Income:US:Hooli:Salary                         -4615.38 USD
  Income:US:Hooli:GroupTermLife                    -24.32 USD
  Expenses:Health:Life:GroupTermLife                24.32 USD
  Expenses:Health:Dental:Insurance                   2.90 USD
  Expenses:Health:Medical:Insurance                 27.38 USD
  Expenses:Health:Vision:Insurance                  42.30 USD
  Expenses:Taxes:Y2022:US:Medicare                 106.62 USD
  Expenses:Taxes:Y2022:US:Federal                 1062.92 USD
  Expenses:Taxes:Y2022:US:State                    365.08 USD
  Expenses:Taxes:Y2022:US:CityNYC                  174.92 USD
  Expenses:Taxes:Y2022:US:SDI                        1.12 USD
  Expenses:Taxes:Y2022:US:SocSec                   281.54 USD
  Assets:US:Federal:PreTax401k                   -1200.00 IRAUSD
  Expenses:Taxes:Y2022:US:Federal:PreTax401k      1200.00 IRAUSD
  Assets:US:Hooli:Vacation                              5 VACHR
  Income:US:Hooli:Vacation                             -5 VACHR

2022-07-07 * "Hooli" "Payroll"
  Assets:US:BofA:Checking                         1350.60 USD
  Assets:US:Vanguard:Cash                         1200.00 USD
  Income:US:Hooli:Salary                         -4615.38 USD
  Income:US:Hooli:GroupTermLife                    -24.32 USD
  Expenses:Health:Life:GroupTermLife                24.32 USD
  Expenses:Health:Dental:Insurance                   2.90 USD
  Expenses:Health:Medical:Insurance                 27.38 USD
  Expenses:Health:Vision:Insurance                  42.30 USD
  Expenses:Taxes:Y2022:US:Medicare                 106.62 USD
  Expenses:Taxes:Y2022:US:Federal                 1062.92 USD
  Expenses:Taxes:Y2022:US:State                    365.08 USD
  Expenses:Taxes:Y2022:US:CityNYC                  174.92 USD
  Expenses:Taxes:Y2022:US:SDI                        1.12 USD
  Expenses:Taxes:Y2022:US:SocSec                   281.54 USD
  Assets:US:Federal:PreTax401k                   -1200.00 IRAUSD
  Expenses:Taxes:Y2022:US:Federal:PreTax401k      1200.00 IRAUSD
  Assets:US:Hooli:Vacation                              5 VACHR
  Income:US:Hooli:Vacation                             -5 VACHR

2022-07-21 * "Hooli" "Payroll"
  Assets:US:BofA:Checking                         1350.60 USD
  Assets:US:Vanguard:Cash                         1200.00 USD
  Income:US:Hooli:Salary                         -4615.38 USD
  Income:US:Hooli:GroupTermLife                    -24.32 USD
  Expenses:Health:Life:GroupTermLife                24.32 USD
  Expenses:Health:Dental:Insurance                   2.90 USD
  Expenses:Health:Medical:Insurance                 27.38 USD
  Expenses:Health:Vision:Insurance                  42.30 USD
  Expenses:Taxes:Y2022:US:Medicare                 106.62 USD
  Expenses:Taxes:Y2022:US:Federal                 1062.92 USD
  Expenses:Taxes:Y2022:US:State                    365.08 USD
  Expenses:Taxes:Y2022:US:CityNYC                  174.92 USD
  Expenses:Taxes:Y2022:US:SDI                        1.12 USD
  Expenses:Taxes:Y2022:US:SocSec                   281.54 USD
  Assets:US:Federal:PreTax401k                   -1200.00 IRAUSD
  Expenses:Taxes:Y2022:US:Federal:PreTax401k      1200.00 IRAUSD
  Assets:US:Hooli:Vacation                              5 VACHR
  Income:US:Hooli:Vacation                             -5 VACHR

2022-08-04 * "Hooli" "Payroll"
  Assets:US:BofA:Checking                         2050.60 USD
  Assets:US:Vanguard:Cash                          500.00 USD
  Income:US:Hooli:Salary                         -4615.38 USD
  Income:US:Hooli:GroupTermLife                    -24.32 USD
  Expenses:Health:Life:GroupTermLife                24.32 USD
  Expenses:Health:Dental:Insurance                   2.90 USD
  Expenses:Health:Medical:Insurance                 27.38 USD
  Expenses:Health:Vision:Insurance                  42.30 USD
  Expenses:Taxes:Y2022:US:Medicare                 106.62 USD
  Expenses:Taxes:Y2022:US:Federal                 1062.92 USD
  Expenses:Taxes:Y2022:US:State                    365.08 USD
  Expenses:Taxes:Y2022:US:CityNYC                  174.92 USD
  Expenses:Taxes:Y2022:US:SDI                        1.12 USD
  Expenses:Taxes:Y2022:US:SocSec                   281.54 USD
  Assets:US:Federal:PreTax401k                    -500.00 IRAUSD
  Expenses:Taxes:Y2022:US:Federal:PreTax401k       500.00 IRAUSD
  Assets:US:Hooli:Vacation                              5 VACHR
  Income:US:Hooli:Vacation                             -5 VACHR

2022-08-18 * "Hooli" "Payroll"
  Assets:US:BofA:Checking                         2550.60 USD
  Income:US:Hooli:Salary                         -4615.38 USD
  Income:US:Hooli:GroupTermLife                    -24.32 USD
  Expenses:Health:Life:GroupTermLife                24.32 USD
  Expenses:Health:Dental:Insurance                   2.90 USD
  Expenses:Health:Medical:Insurance                 27.38 USD
  Expenses:Health:Vision:Insurance                  42.30 USD
  Expenses:Taxes:Y2022:US:Medicare                 106.62 USD
  Expenses:Taxes:Y2022:US:Federal                 1062.92 USD
  Expenses:Taxes:Y2022:US:State                    365.08 USD
  Expenses:Taxes:Y2022:US:CityNYC                  174.92 USD
  Expenses:Taxes:Y2022:US:SDI                        1.12 USD
  Expenses:Taxes:Y2022:US:SocSec                   281.54 USD
  Assets:US:Federal:PreTax401k                       0.00 IRAUSD
  Assets:US:Hooli:Vacation                              5 VACHR
  Income:US:Hooli:Vacation                             -5 VACHR

2022-09-01 * "Hooli" "Payroll"
  Assets:US:BofA:Checking                         2550.60 USD
  Income:US:Hooli:Salary                         -4615.38 USD
  Income:US:Hooli:GroupTermLife                    -24.32 USD
  Expenses:Health:Life:GroupTermLife                24.32 USD
  Expenses:Health:Dental:Insurance                   2.90 USD
  Expenses:Health:Medical:Insurance                 27.38 USD
  Expenses:Health:Vision:Insurance                  42.30 USD
  Expenses:Taxes:Y2022:US:Medicare                 106.62 USD
  Expenses:Taxes:Y2022:US:Federal                 1062.92 USD
  Expenses:Taxes:Y2022:US:State                    365.08 USD
  Expenses:Taxes:Y2022:US:CityNYC                  174.92 USD
  Expenses:Taxes:Y2022:US:SDI                        1.12 USD
  Expenses:Taxes:Y2022:US:SocSec                   281.54 USD
  Assets:US:Federal:PreTax401k                       0.00 IRAUSD
  Assets:US:Hooli:Vacation                              5 VACHR
  Income:US:Hooli:Vacation                             -5 VACHR

2022-09-15 * "Hooli" "Payroll"
  Assets:US:BofA:Checking                         2550.60 USD
  Income:US:Hooli:Salary                         -4615.38 USD
  Income:US:Hooli:GroupTermLife                    -24.32 USD
  Expenses:Health:Life:GroupTermLife                24.32 USD
  Expenses:Health:Dental:Insurance                   2.90 USD
  Expenses:Health:Medical:Insurance                 27.38 USD
  Expenses:Health:Vision:Insurance                  42.30 USD
  Expenses:Taxes:Y2022:US:Medicare                 106.62 USD
  Expenses:Taxes:Y2022:US:Federal                 1062.92 USD
  Expenses:Taxes:Y2022:US:State                    365.08 USD
  Expenses:Taxes:Y2022:US:CityNYC                  174.92 USD
  Expenses:Taxes:Y2022:US:SDI                        1.12 USD
  Expenses:Taxes:Y2022:US:SocSec                   281.54 USD
  Assets:US:Federal:PreTax401k                       0.00 IRAUSD
  Assets:US:Hooli:Vacation                              5 VACHR
  Income:US:Hooli:Vacation                             -5 VACHR

2022-09-29 * "Hooli" "Payroll"
  Assets:US:BofA:Checking                         2550.60 USD
  Income:US:Hooli:Salary                         -4615.38 USD
  Income:US:Hooli:GroupTermLife                    -24.32 USD
  Expenses:Health:Life:GroupTermLife                24.32 USD
  Expenses:Health:Dental:Insurance                   2.90 USD
  Expenses:Health:Medical:Insurance                 27.38 USD
  Expenses:Health:Vision:Insurance                  42.30 USD
  Expenses:Taxes:Y2022:US:Medicare                 106.62 USD
  Expenses:Taxes:Y2022:US:Federal                 1062.92 USD
  Expenses:Taxes:Y2022:US:State                    365.08 USD
  Expenses:Taxes:Y2022:US:CityNYC                  174.92 USD
  Expenses:Taxes:Y2022:US:SDI                        1.12 USD
  Expenses:Taxes:Y2022:US:SocSec                   281.54 USD
  Assets:US:Federal:PreTax401k                       0.00 IRAUSD
  Assets:US:Hooli:Vacation                              5 VACHR
  Income:US:Hooli:Vacation                             -5 VACHR

2022-10-13 * "Hooli" "Payroll"
  Assets:US:BofA:Checking                         2550.60 USD
  Income:US:Hooli:Salary                         -4615.38 USD
  Income:US:Hooli:GroupTermLife                    -24.32 USD
  Expenses:Health:Life:GroupTermLife                24.32 USD
  Expenses:Health:Dental:Insurance                   2.90 USD
  Expenses:Health:Medical:Insurance                 27.38 USD
  Expenses:Health:Vision:Insurance                  42.30 USD
  Expenses:Taxes:Y2022:US:Medicare                 106.62 USD
  Expenses:Taxes:Y2022:US:Federal                 1062.92 USD
  Expenses:Taxes:Y2022:US:State                    365.08 USD
  Expenses:Taxes:Y2022:US:CityNYC                  174.92 USD
  Expenses:Taxes:Y2022:US:SDI                        1.12 USD
  Expenses:Taxes:Y2022:US:SocSec                   281.54 USD
  Assets:US:Federal:PreTax401k                       0.00 IRAUSD
  Assets:US:Hooli:Vacation                              5 VACHR
  Income:US:Hooli:Vacation                             -5 VACHR

2022-10-27 * "Hooli" "Payroll"
  Assets:US:BofA:Checking                         2550.60 USD
  Income:US:Hooli:Salary                         -4615.38 USD
  Income:US:Hooli:GroupTermLife                    -24.32 USD
  Expenses:Health:Life:GroupTermLife                24.32 USD
  Expenses:Health:Dental:Insurance                   2.90 USD
  Expenses:Health:Medical:Insurance                 27.38 USD
  Expenses:Health:Vision:Insurance                  42.30 USD
  Expenses:Taxes:Y2022:US:Medicare                 106.62 USD
  Expenses:Taxes:Y2022:US:Federal                 1062.92 USD
  Expenses:Taxes:Y2022:US:State                    365.08 USD
  Expenses:Taxes:Y2022:US:CityNYC                  174.92 USD
  Expenses:Taxes:Y2022:US:SDI                        1.12 USD
  Expenses:Taxes:Y2022:US:SocSec                   281.54 USD
  Assets:US:Federal:PreTax401k                       0.00 IRAUSD
  Assets:US:Hooli:Vacation                              5 VACHR
  Income:US:Hooli:Vacation                             -5 VACHR

2022-11-10 * "Hooli" "Payroll"
  Assets:US:BofA:Checking                         2550.60 USD
  Income:US:Hooli:Salary                         -4615.38 USD
  Income:US:Hooli:GroupTermLife                    -24.32 USD
  Expenses:Health:Life:GroupTermLife                24.32 USD
  Expenses:Health:Dental:Insurance                   2.90 USD
  Expenses:Health:Medical:Insurance                 27.38 USD
  Expenses:Health:Vision:Insurance                  42.30 USD
  Expenses:Taxes:Y2022:US:Medicare                 106.62 USD
  Expenses:Taxes:Y2022:US:Federal                 1062.92 USD
  Expenses:Taxes:Y2022:US:State                    365.08 USD
  Expenses:Taxes:Y2022:US:CityNYC                  174.92 USD
  Expenses:Taxes:Y2022:US:SDI                        1.12 USD
  Expenses:Taxes:Y2022:US:SocSec                   281.54 USD
  Assets:US:Federal:PreTax401k                       0.00 IRAUSD
  Assets:US:Hooli:Vacation                              5 VACHR
  Income:US:Hooli:Vacation                             -5 VACHR

2022-11-24 * "Hooli" "Payroll"
  Assets:US:BofA:Checking                         2550.60 USD
  Income:US:Hooli:Salary                         -4615.38 USD
  Income:US:Hooli:GroupTermLife                    -24.32 USD
  Expenses:Health:Life:GroupTermLife                24.32 USD
  Expenses:Health:Dental:Insurance                   2.90 USD
  Expenses:Health:Medical:Insurance                 27.38 USD
  Expenses:Health:Vision:Insurance                  42.30 USD
  Expenses:Taxes:Y2022:US:Medicare                 106.62 USD
  Expenses:Taxes:Y2022:US:Federal                 1062.92 USD
  Expenses:Taxes:Y2022:US:State                    365.08 USD
  Expenses:Taxes:Y2022:US:CityNYC                  174.92 USD
  Expenses:Taxes:Y2022:US:SDI                        1.12 USD
  Expenses:Taxes:Y2022:US:SocSec                   281.54 USD
  Assets:US:Federal:PreTax401k                       0.00 IRAUSD
  Assets:US:Hooli:Vacation                              5 VACHR
  Income:US:Hooli:Vacation                             -5 VACHR

2022-12-08 * "Hooli" "Payroll"
  Assets:US:BofA:Checking                         2589.06 USD
  Income:US:Hooli:Salary                         -4615.38 USD
  Income:US:Hooli:GroupTermLife                    -24.32 USD
  Expenses:Health:Life:GroupTermLife                24.32 USD
  Expenses:Health:Dental:Insurance                   2.90 USD
  Expenses:Health:Medical:Insurance                 27.38 USD
  Expenses:Health:Vision:Insurance                  42.30 USD
  Expenses:Taxes:Y2022:US:Medicare                 106.62 USD
  Expenses:Taxes:Y2022:US:Federal                 1062.92 USD
  Expenses:Taxes:Y2022:US:State                    365.08 USD
  Expenses:Taxes:Y2022:US:CityNYC                  174.92 USD
  Expenses:Taxes:Y2022:US:SDI                        1.12 USD
  Expenses:Taxes:Y2022:US:SocSec                   243.08 USD
  Assets:US:Federal:PreTax401k                       0.00 IRAUSD
  Assets:US:Hooli:Vacation                              5 VACHR
  Income:US:Hooli:Vacation                             -5 VACHR

2022-12-22 * "Hooli" "Payroll"
  Assets:US:BofA:Checking                         2832.14 USD
  Income:US:Hooli:Salary                         -4615.38 USD
  Income:US:Hooli:GroupTermLife                    -24.32 USD
  Expenses:Health:Life:GroupTermLife                24.32 USD
  Expenses:Health:Dental:Insurance                   2.90 USD
  Expenses:Health:Medical:Insurance                 27.38 USD
  Expenses:Health:Vision:Insurance                  42.30 USD
  Expenses:Taxes:Y2022:US:Medicare                 106.62 USD
  Expenses:Taxes:Y2022:US:Federal                 1062.92 USD
  Expenses:Taxes:Y2022:US:State                    365.08 USD
  Expenses:Taxes:Y2022:US:CityNYC                  174.92 USD
  Expenses:Taxes:Y2022:US:SDI                        1.12 USD
  Expenses:Taxes:Y2022:US:SocSec                     0.00 USD
  Assets:US:Federal:PreTax401k                       0.00 IRAUSD
  Assets:US:Hooli:Vacation                              5 VACHR
  Income:US:Hooli:Vacation                             -5 VACHR

2023-01-05 * "Hooli" "Payroll"
  Assets:US:BofA:Checking                         1350.60 USD
  Assets:US:Vanguard:Cash                         1200.00 USD
  Income:US:Hooli:Salary                         -4615.38 USD
  Income:US:Hooli:GroupTermLife                    -24.32 USD
  Expenses:Health:Life:GroupTermLife                24.32 USD
  Expenses:Health:Dental:Insurance                   2.90 USD
  Expenses:Health:Medical:Insurance                 27.38 USD
  Expenses:Health:Vision:Insurance                  42.30 USD
  Expenses:Taxes:Y2023:US:Medicare                 106.62 USD
  Expenses:Taxes:Y2023:US:Federal                 1062.92 USD
  Expenses:Taxes:Y2023:US:State                    365.08 USD
  Expenses:Taxes:Y2023:US:CityNYC                  174.92 USD
  Expenses:Taxes:Y2023:US:SDI                        1.12 USD
  Expenses:Taxes:Y2023:US:SocSec                   281.54 USD
  Assets:US:Federal:PreTax401k                   -1200.00 IRAUSD
  Expenses:Taxes:Y2023:US:Federal:PreTax401k      1200.00 IRAUSD
  Assets:US:Hooli:Vacation                              5 VACHR
  Income:US:Hooli:Vacation                             -5 VACHR

2023-01-19 * "Hooli" "Payroll"
  Assets:US:BofA:Checking                         1350.60 USD
  Assets:US:Vanguard:Cash                         1200.00 USD
  Income:US:Hooli:Salary                         -4615.38 USD
  Income:US:Hooli:GroupTermLife                    -24.32 USD
  Expenses:Health:Life:GroupTermLife                24.32 USD
  Expenses:Health:Dental:Insurance                   2.90 USD
  Expenses:Health:Medical:Insurance                 27.38 USD
  Expenses:Health:Vision:Insurance                  42.30 USD
  Expenses:Taxes:Y2023:US:Medicare                 106.62 USD
  Expenses:Taxes:Y2023:US:Federal                 1062.92 USD
  Expenses:Taxes:Y2023:US:State                    365.08 USD
  Expenses:Taxes:Y2023:US:CityNYC                  174.92 USD
  Expenses:Taxes:Y2023:US:SDI                        1.12 USD
  Expenses:Taxes:Y2023:US:SocSec                   281.54 USD
  Assets:US:Federal:PreTax401k                   -1200.00 IRAUSD
  Expenses:Taxes:Y2023:US:Federal:PreTax401k      1200.00 IRAUSD
  Assets:US:Hooli:Vacation                              5 VACHR
  Income:US:Hooli:Vacation                             -5 VACHR

2023-02-02 * "Hooli" "Payroll"
  Assets:US:BofA:Checking                         1350.60 USD
  Assets:US:Vanguard:Cash                         1200.00 USD
  Income:US:Hooli:Salary                         -4615.38 USD
  Income:US:Hooli:GroupTermLife                    -24.32 USD
  Expenses:Health:Life:GroupTermLife                24.32 USD
  Expenses:Health:Dental:Insurance                   2.90 USD
  Expenses:Health:Medical:Insurance                 27.38 USD
  Expenses:Health:Vision:Insurance                  42.30 USD
  Expenses:Taxes:Y2023:US:Medicare                 106.62 USD
  Expenses:Taxes:Y2023:US:Federal                 1062.92 USD
  Expenses:Taxes:Y2023:US:State                    365.08 USD
  Expenses:Taxes:Y2023:US:CityNYC                  174.92 USD
  Expenses:Taxes:Y2023:US:SDI                        1.12 USD
  Expenses:Taxes:Y2023:US:SocSec                   281.54 USD
  Assets:US:Federal:PreTax401k                   -1200.00 IRAUSD
  Expenses:Taxes:Y2023:US:Federal:PreTax401k      1200.00 IRAUSD
  Assets:US:Hooli:Vacation                              5 VACHR
  Income:US:Hooli:Vacation                             -5 VACHR

2023-02-16 * "Hooli" "Payroll"
  Assets:US:BofA:Checking                         1350.60 USD
  Assets:US:Vanguard:Cash                         1200.00 USD
  Income:US:Hooli:Salary                         -4615.38 USD
  Income:US:Hooli:GroupTermLife                    -24.32 USD
  Expenses:Health:Life:GroupTermLife                24.32 USD
  Expenses:Health:Dental:Insurance                   2.90 USD
  Expenses:Health:Medical:Insurance                 27.38 USD
  Expenses:Health:Vision:Insurance                  42.30 USD
  Expenses:Taxes:Y2023:US:Medicare                 106.62 USD
  Expenses:Taxes:Y2023:US:Federal                 1062.92 USD
  Expenses:Taxes:Y2023:US:State                    365.08 USD
  Expenses:Taxes:Y2023:US:CityNYC                  174.92 USD
  Expenses:Taxes:Y2023:US:SDI                        1.12 USD
  Expenses:Taxes:Y2023:US:SocSec                   281.54 USD
  Assets:US:Federal:PreTax401k                   -1200.00 IRAUSD
  Expenses:Taxes:Y2023:US:Federal:PreTax401k      1200.00 IRAUSD
  Assets:US:Hooli:Vacation                              5 VACHR
  Income:US:Hooli:Vacation                             -5 VACHR

2023-03-02 * "Hooli" "Payroll"
  Assets:US:BofA:Checking                         1350.60 USD
  Assets:US:Vanguard:Cash                         1200.00 USD
  Income:US:Hooli:Salary                         -4615.38 USD
  Income:US:Hooli:GroupTermLife                    -24.32 USD
  Expenses:Health:Life:GroupTermLife                24.32 USD
  Expenses:Health:Dental:Insurance                   2.90 USD
  Expenses:Health:Medical:Insurance                 27.38 USD
  Expenses:Health:Vision:Insurance                  42.30 USD
  Expenses:Taxes:Y2023:US:Medicare                 106.62 USD
  Expenses:Taxes:Y2023:US:Federal                 1062.92 USD
  Expenses:Taxes:Y2023:US:State                    365.08 USD
  Expenses:Taxes:Y2023:US:CityNYC                  174.92 USD
  Expenses:Taxes:Y2023:US:SDI                        1.12 USD
  Expenses:Taxes:Y2023:US:SocSec                   281.54 USD
  Assets:US:Federal:PreTax401k                   -1200.00 IRAUSD
  Expenses:Taxes:Y2023:US:Federal:PreTax401k      1200.00 IRAUSD
  Assets:US:Hooli:Vacation                              5 VACHR
  Income:US:Hooli:Vacation                             -5 VACHR

2023-03-16 * "Hooli" "Payroll"
  Assets:US:BofA:Checking                         1350.60 USD
  Assets:US:Vanguard:Cash                         1200.00 USD
  Income:US:Hooli:Salary                         -4615.38 USD
  Income:US:Hooli:GroupTermLife                    -24.32 USD
  Expenses:Health:Life:GroupTermLife                24.32 USD
  Expenses:Health:Dental:Insurance                   2.90 USD
  Expenses:Health:Medical:Insurance                 27.38 USD
  Expenses:Health:Vision:Insurance                  42.30 USD
  Expenses:Taxes:Y2023:US:Medicare                 106.62 USD
  Expenses:Taxes:Y2023:US:Federal                 1062.92 USD
  Expenses:Taxes:Y2023:US:State                    365.08 USD
  Expenses:Taxes:Y2023:US:CityNYC                  174.92 USD
  Expenses:Taxes:Y2023:US:SDI                        1.12 USD
  Expenses:Taxes:Y2023:US:SocSec                   281.54 USD
  Assets:US:Federal:PreTax401k                   -1200.00 IRAUSD
  Expenses:Taxes:Y2023:US:Federal:PreTax401k      1200.00 IRAUSD
  Assets:US:Hooli:Vacation                              5 VACHR
  Income:US:Hooli:Vacation                             -5 VACHR

2023-03-30 * "Hooli" "Payroll"
  Assets:US:BofA:Checking                         1350.60 USD
  Assets:US:Vanguard:Cash                         1200.00 USD
  Income:US:Hooli:Salary                         -4615.38 USD
  Income:US:Hooli:GroupTermLife                    -24.32 USD
  Expenses:Health:Life:GroupTermLife                24.32 USD
  Expenses:Health:Dental:Insurance                   2.90 USD
  Expenses:Health:Medical:Insurance                 27.38 USD
  Expenses:Health:Vision:Insurance                  42.30 USD
  Expenses:Taxes:Y2023:US:Medicare                 106.62 USD
  Expenses:Taxes:Y2023:US:Federal                 1062.92 USD
  Expenses:Taxes:Y2023:US:State                    365.08 USD
  Expenses:Taxes:Y2023:US:CityNYC                  174.92 USD
  Expenses:Taxes:Y2023:US:SDI                        1.12 USD
  Expenses:Taxes:Y2023:US:SocSec                   281.54 USD
  Assets:US:Federal:PreTax401k                   -1200.00 IRAUSD
  Expenses:Taxes:Y2023:US:Federal:PreTax401k      1200.00 IRAUSD
  Assets:US:Hooli:Vacation                              5 VACHR
  Income:US:Hooli:Vacation                             -5 VACHR

2023-04-13 * "Hooli" "Payroll"
  Assets:US:BofA:Checking                         1350.60 USD
  Assets:US:Vanguard:Cash                         1200.00 USD
  Income:US:Hooli:Salary                         -4615.38 USD
  Income:US:Hooli:GroupTermLife                    -24.32 USD
  Expenses:Health:Life:GroupTermLife                24.32 USD
  Expenses:Health:Dental:Insurance                   2.90 USD
  Expenses:Health:Medical:Insurance                 27.38 USD
  Expenses:Health:Vision:Insurance                  42.30 USD
  Expenses:Taxes:Y2023:US:Medicare                 106.62 USD
  Expenses:Taxes:Y2023:US:Federal                 1062.92 USD
  Expenses:Taxes:Y2023:US:State                    365.08 USD
  Expenses:Taxes:Y2023:US:CityNYC                  174.92 USD
  Expenses:Taxes:Y2023:US:SDI                        1.12 USD
  Expenses:Taxes:Y2023:US:SocSec                   281.54 USD
  Assets:US:Federal:PreTax401k                   -1200.00 IRAUSD
  Expenses:Taxes:Y2023:US:Federal:PreTax401k      1200.00 IRAUSD
  Assets:US:Hooli:Vacation                              5 VACHR
  Income:US:Hooli:Vacation                             -5 VACHR

2023-04-27 * "Hooli" "Payroll"
  Assets:US:BofA:Checking                         1350.60 USD
  Assets:US:Vanguard:Cash                         1200.00 USD
  Income:US:Hooli:Salary                         -4615.38 USD
  Income:US:Hooli:GroupTermLife                    -24.32 USD
  Expenses:Health:Life:GroupTermLife                24.32 USD
  Expenses:Health:Dental:Insurance                   2.90 USD
  Expenses:Health:Medical:Insurance                 27.38 USD
  Expenses:Health:Vision:Insurance                  42.30 USD
  Expenses:Taxes:Y2023:US:Medicare                 106.62 USD
  Expenses:Taxes:Y2023:US:Federal                 1062.92 USD
  Expenses:Taxes:Y2023:US:State                    365.08 USD
  Expenses:Taxes:Y2023:US:CityNYC                  174.92 USD
  Expenses:Taxes:Y2023:US:SDI                        1.12 USD
  Expenses:Taxes:Y2023:US:SocSec                   281.54 USD
  Assets:US:Federal:PreTax401k                   -1200.00 IRAUSD
  Expenses:Taxes:Y2023:US:Federal:PreTax401k      1200.00 IRAUSD
  Assets:US:Hooli:Vacation                              5 VACHR
  Income:US:Hooli:Vacation                             -5 VACHR

2023-05-11 * "Hooli" "Payroll"
  Assets:US:BofA:Checking                         1350.60 USD
  Assets:US:Vanguard:Cash                         1200.00 USD
  Income:US:Hooli:Salary                         -4615.38 USD
  Income:US:Hooli:GroupTermLife                    -24.32 USD
  Expenses:Health:Life:GroupTermLife                24.32 USD
  Expenses:Health:Dental:Insurance                   2.90 USD
  Expenses:Health:Medical:Insurance                 27.38 USD
  Expenses:Health:Vision:Insurance                  42.30 USD
  Expenses:Taxes:Y2023:US:Medicare                 106.62 USD
  Expenses:Taxes:Y2023:US:Federal                 1062.92 USD
  Expenses:Taxes:Y2023:US:State                    365.08 USD
  Expenses:Taxes:Y2023:US:CityNYC                  174.92 USD
  Expenses:Taxes:Y2023:US:SDI                        1.12 USD
  Expenses:Taxes:Y2023:US:SocSec                   281.54 USD
  Assets:US:Federal:PreTax401k                   -1200.00 IRAUSD
  Expenses:Taxes:Y2023:US:Federal:PreTax401k      1200.00 IRAUSD
  Assets:US:Hooli:Vacation                              5 VACHR
  Income:US:Hooli:Vacation                             -5 VACHR

2023-05-25 * "Hooli" "Payroll"
  Assets:US:BofA:Checking                         1350.60 USD
  Assets:US:Vanguard:Cash                         1200.00 USD
  Income:US:Hooli:Salary                         -4615.38 USD
  Income:US:Hooli:GroupTermLife                    -24.32 USD
  Expenses:Health:Life:GroupTermLife                24.32 USD
  Expenses:Health:Dental:Insurance                   2.90 USD
  Expenses:Health:Medical:Insurance                 27.38 USD
  Expenses:Health:Vision:Insurance                  42.30 USD
  Expenses:Taxes:Y2023:US:Medicare                 106.62 USD
  Expenses:Taxes:Y2023:US:Federal                 1062.92 USD
  Expenses:Taxes:Y2023:US:State                    365.08 USD
  Expenses:Taxes:Y2023:US:CityNYC                  174.92 USD
  Expenses:Taxes:Y2023:US:SDI                        1.12 USD
  Expenses:Taxes:Y2023:US:SocSec                   281.54 USD
  Assets:US:Federal:PreTax401k                   -1200.00 IRAUSD
  Expenses:Taxes:Y2023:US:Federal:PreTax401k      1200.00 IRAUSD
  Assets:US:Hooli:Vacation                              5 VACHR
  Income:US:Hooli:Vacation                             -5 VACHR

2023-06-08 * "Hooli" "Payroll"
  Assets:US:BofA:Checking                         1350.60 USD
  Assets:US:Vanguard:Cash                         1200.00 USD
  Income:US:Hooli:Salary                         -4615.38 USD
  Income:US:Hooli:GroupTermLife                    -24.32 USD
  Expenses:Health:Life:GroupTermLife                24.32 USD
  Expenses:Health:Dental:Insurance                   2.90 USD
  Expenses:Health:Medical:Insurance                 27.38 USD
  Expenses:Health:Vision:Insurance                  42.30 USD
  Expenses:Taxes:Y2023:US:Medicare                 106.62 USD
  Expenses:Taxes:Y2023:US:Federal                 1062.92 USD
  Expenses:Taxes:Y2023:US:State                    365.08 USD
  Expenses:Taxes:Y2023:US:CityNYC                  174.92 USD
  Expenses:Taxes:Y2023:US:SDI                        1.12 USD
  Expenses:Taxes:Y2023:US:SocSec                   281.54 USD
  Assets:US:Federal:PreTax401k                   -1200.00 IRAUSD
  Expenses:Taxes:Y2023:US:Federal:PreTax401k      1200.00 IRAUSD
  Assets:US:Hooli:Vacation                              5 VACHR
  Income:US:Hooli:Vacation                             -5 VACHR

2023-06-22 * "Hooli" "Payroll"
  Assets:US:BofA:Checking                         1350.60 USD
  Assets:US:Vanguard:Cash                         1200.00 USD
  Income:US:Hooli:Salary                         -4615.38 USD
  Income:US:Hooli:GroupTermLife                    -24.32 USD
  Expenses:Health:Life:GroupTermLife                24.32 USD
  Expenses:Health:Dental:Insurance                   2.90 USD
  Expenses:Health:Medical:Insurance                 27.38 USD
  Expenses:Health:Vision:Insurance                  42.30 USD
  Expenses:Taxes:Y2023:US:Medicare                 106.62 USD
  Expenses:Taxes:Y2023:US:Federal                 1062.92 USD
  Expenses:Taxes:Y2023:US:State                    365.08 USD
  Expenses:Taxes:Y2023:US:CityNYC                  174.92 USD
  Expenses:Taxes:Y2023:US:SDI                        1.12 USD
  Expenses:Taxes:Y2023:US:SocSec                   281.54 USD
  Assets:US:Federal:PreTax401k                   -1200.00 IRAUSD
  Expenses:Taxes:Y2023:US:Federal:PreTax401k      1200.00 IRAUSD
  Assets:US:Hooli:Vacation                              5 VACHR
  Income:US:Hooli:Vacation                             -5 VACHR

2023-07-06 * "Hooli" "Payroll"
  Assets:US:BofA:Checking                         1350.60 USD
  Assets:US:Vanguard:Cash                         1200.00 USD
  Income:US:Hooli:Salary                         -4615.38 USD
  Income:US:Hooli:GroupTermLife                    -24.32 USD
  Expenses:Health:Life:GroupTermLife                24.32 USD
  Expenses:Health:Dental:Insurance                   2.90 USD
  Expenses:Health:Medical:Insurance                 27.38 USD
  Expenses:Health:Vision:Insurance                  42.30 USD
  Expenses:Taxes:Y2023:US:Medicare                 106.62 USD
  Expenses:Taxes:Y2023:US:Federal                 1062.92 USD
  Expenses:Taxes:Y2023:US:State                    365.08 USD
  Expenses:Taxes:Y2023:US:CityNYC                  174.92 USD
  Expenses:Taxes:Y2023:US:SDI                        1.12 USD
  Expenses:Taxes:Y2023:US:SocSec                   281.54 USD
  Assets:US:Federal:PreTax401k                   -1200.00 IRAUSD
  Expenses:Taxes:Y2023:US:Federal:PreTax401k      1200.00 IRAUSD
  Assets:US:Hooli:Vacation                              5 VACHR
  Income:US:Hooli:Vacation                             -5 VACHR

2023-07-20 * "Hooli" "Payroll"
  Assets:US:BofA:Checking                         1350.60 USD
  Assets:US:Vanguard:Cash                         1200.00 USD
  Income:US:Hooli:Salary                         -4615.38 USD
  Income:US:Hooli:GroupTermLife                    -24.32 USD
  Expenses:Health:Life:GroupTermLife                24.32 USD
  Expenses:Health:Dental:Insurance                   2.90 USD
  Expenses:Health:Medical:Insurance                 27.38 USD
  Expenses:Health:Vision:Insurance                  42.30 USD
  Expenses:Taxes:Y2023:US:Medicare                 106.62 USD
  Expenses:Taxes:Y2023:US:Federal                 1062.92 USD
  Expenses:Taxes:Y2023:US:State                    365.08 USD
  Expenses:Taxes:Y2023:US:CityNYC                  174.92 USD
  Expenses:Taxes:Y2023:US:SDI                        1.12 USD
  Expenses:Taxes:Y2023:US:SocSec                   281.54 USD
  Assets:US:Federal:PreTax401k                   -1200.00 IRAUSD
  Expenses:Taxes:Y2023:US:Federal:PreTax401k      1200.00 IRAUSD
  Assets:US:Hooli:Vacation                              5 VACHR
  Income:US:Hooli:Vacation                             -5 VACHR

2023-08-03 * "Hooli" "Payroll"
  Assets:US:BofA:Checking                         2050.60 USD
  Assets:US:Vanguard:Cash                          500.00 USD
  Income:US:Hooli:Salary                         -4615.38 USD
  Income:US:Hooli:GroupTermLife                    -24.32 USD
  Expenses:Health:Life:GroupTermLife                24.32 USD
  Expenses:Health:Dental:Insurance                   2.90 USD
  Expenses:Health:Medical:Insurance                 27.38 USD
  Expenses:Health:Vision:Insurance                  42.30 USD
  Expenses:Taxes:Y2023:US:Medicare                 106.62 USD
  Expenses:Taxes:Y2023:US:Federal                 1062.92 USD
  Expenses:Taxes:Y2023:US:State                    365.08 USD
  Expenses:Taxes:Y2023:US:CityNYC                  174.92 USD
  Expenses:Taxes:Y2023:US:SDI                        1.12 USD
  Expenses:Taxes:Y2023:US:SocSec                   281.54 USD
  Assets:US:Federal:PreTax401k                    -500.00 IRAUSD
  Expenses:Taxes:Y2023:US:Federal:PreTax401k       500.00 IRAUSD
  Assets:US:Hooli:Vacation                              5 VACHR
  Income:US:Hooli:Vacation                             -5 VACHR

2023-08-17 * "Hooli" "Payroll"
  Assets:US:BofA:Checking                         2550.60 USD
  Income:US:Hooli:Salary                         -4615.38 USD
  Income:US:Hooli:GroupTermLife                    -24.32 USD
  Expenses:Health:Life:GroupTermLife                24.32 USD
  Expenses:Health:Dental:Insurance                   2.90 USD
  Expenses:Health:Medical:Insurance                 27.38 USD
  Expenses:Health:Vision:Insurance                  42.30 USD
  Expenses:Taxes:Y2023:US:Medicare                 106.62 USD
  Expenses:Taxes:Y2023:US:Federal                 1062.92 USD
  Expenses:Taxes:Y2023:US:State                    365.08 USD
  Expenses:Taxes:Y2023:US:CityNYC                  174.92 USD
  Expenses:Taxes:Y2023:US:SDI                        1.12 USD
  Expenses:Taxes:Y2023:US:SocSec                   281.54 USD
  Assets:US:Federal:PreTax401k                       0.00 IRAUSD
  Assets:US:Hooli:Vacation                              5 VACHR
  Income:US:Hooli:Vacation                             -5 VACHR



* Taxes

1980-05-12 open Income:US:Federal:PreTax401k                    IRAUSD
1980-05-12 open Assets:US:Federal:PreTax401k                    IRAUSD



** Tax Year 2021

2021-01-01 open Expenses:Taxes:Y2021:US:Federal:PreTax401k      IRAUSD
2021-01-01 open Expenses:Taxes:Y2021:US:Medicare                USD
2021-01-01 open Expenses:Taxes:Y2021:US:Federal                 USD
2021-01-01 open Expenses:Taxes:Y2021:US:CityNYC                 USD
2021-01-01 open Expenses:Taxes:Y2021:US:SDI                     USD
2021-01-01 open Expenses:Taxes:Y2021:US:State                   USD
2021-01-01 open Expenses:Taxes:Y2021:US:SocSec                  USD

2021-01-01 balance Assets:US:Federal:PreTax401k         0 IRAUSD

2021-01-01 * "Allowed contributions for one year"
  Income:US:Federal:PreTax401k                     -18500 IRAUSD
  Assets:US:Federal:PreTax401k                      18500 IRAUSD

2022-03-25 * "Filing taxes for 2021"
  Expenses:Taxes:Y2021:US:Federal                  610.20 USD
  Expenses:Taxes:Y2021:US:State                    380.52 USD
  Liabilities:AccountsPayable                     -990.72 USD

2022-03-27 * "FEDERAL TAXPYMT"
  Assets:US:BofA:Checking                         -610.20 USD
  Liabilities:AccountsPayable                      610.20 USD

2022-03-28 * "STATE TAX & FINANC PYMT"
  Assets:US:BofA:Checking                         -380.52 USD
  Liabilities:AccountsPayable                      380.52 USD



** Tax Year 2022

2022-01-01 open Expenses:Taxes:Y2022:US:Federal:PreTax401k      IRAUSD
2022-01-01 open Expenses:Taxes:Y2022:US:Medicare                USD
2022-01-01 open Expenses:Taxes:Y2022:US:Federal                 USD
2022-01-01 open Expenses:Taxes:Y2022:US:CityNYC                 USD
2022-01-01 open Expenses:Taxes:Y2022:US:SDI                     USD
2022-01-01 open Expenses:Taxes:Y2022:US:State                   USD
2022-01-01 open Expenses:Taxes:Y2022:US:SocSec                  USD

2022-01-01 balance Assets:US:Federal:PreTax401k         0 IRAUSD

2022-01-01 * "Allowed contributions for one year"
  Income:US:Federal:PreTax401k                     -18500 IRAUSD
  Assets:US:Federal:PreTax401k                      18500 IRAUSD

2023-03-23 * "Filing taxes for 2022"
  Expenses:Taxes:Y2022:US:Federal                  593.11 USD
  Expenses:Taxes:Y2022:US:State                    334.19 USD
  Liabilities:AccountsPayable                     -927.30 USD

2023-03-23 * "STATE TAX & FINANC PYMT"
  Assets:US:BofA:Checking                         -334.19 USD
  Liabilities:AccountsPayable                      334.19 USD

2023-03-26 * "FEDERAL TAXPYMT"
  Assets:US:BofA:Checking                         -593.11 USD
  Liabilities:AccountsPayable                      593.11 USD



** Tax Year 2023

2023-01-01 open Expenses:Taxes:Y2023:US:Federal:PreTax401k      IRAUSD
2023-01-01 open Expenses:Taxes:Y2023:US:Medicare                USD
2023-01-01 open Expenses:Taxes:Y2023:US:Federal                 USD
2023-01-01 open Expenses:Taxes:Y2023:US:CityNYC                 USD
2023-01-01 open Expenses:Taxes:Y2023:US:SDI                     USD
2023-01-01 open Expenses:Taxes:Y2023:US:State                   USD
2023-01-01 open Expenses:Taxes:Y2023:US:SocSec                  USD

2023-01-01 balance Assets:US:Federal:PreTax401k         0 IRAUSD

2023-01-01 * "Allowed contributions for one year"
  Income:US:Federal:PreTax401k                     -18500 IRAUSD
  Assets:US:Federal:PreTax401k                      18500 IRAUSD



* Expenses

1980-05-12 open Expenses:Food:Groceries
1980-05-12 open Expenses:Food:Restaurant
1980-05-12 open Expenses:Food:Coffee
1980-05-12 open Expenses:Food:Alcohol
1980-05-12 open Expenses:Transport:Tram
1980-05-12 open Expenses:Home:Rent
1980-05-12 open Expenses:Home:Electricity
1980-05-12 open Expenses:Home:Internet
1980-05-12 open Expenses:Home:Phone
1980-05-12 open Expenses:Financial:Fees
1980-05-12 open Expenses:Financial:Commissions



* Prices

2021-01-01 price VBMPX                              83.87 USD
2021-01-01 price RGAGX                              38.34 USD
2021-01-01 price ITOT                              140.01 USD
2021-01-01 price VEA                                76.96 USD
2021-01-01 price VHT                               105.64 USD
2021-01-01 price GLD                                51.50 USD
2021-01-08 price VBMPX                              82.65 USD
2021-01-08 price RGAGX                              38.25 USD
2021-01-08 price ITOT                              137.91 USD
2021-01-08 price VEA                                77.26 USD
2021-01-08 price VHT                               103.82 USD
2021-01-08 price GLD                                50.09 USD
2021-01-15 price VBMPX                              82.13 USD
2021-01-15 price RGAGX                              37.24 USD
2021-01-15 price ITOT                              136.95 USD
2021-01-15 price VEA                                76.60 USD
2021-01-15 price VHT                               102.34 USD
2021-01-15 price GLD                                49.91 USD
2021-01-22 price VBMPX                              79.95 USD
2021-01-22 price RGAGX                              37.21 USD
2021-01-22 price ITOT                              136.75 USD
2021-01-22 price VEA                                76.91 USD
2021-01-22 price VHT                               102.07 USD
2021-01-22 price GLD                                49.32 USD
2021-01-29 price VBMPX                              81.31 USD
2021-01-29 price RGAGX                              37.42 USD
2021-01-29 price ITOT                              138.16 USD
2021-01-29 price VEA                                76.24 USD
2021-01-29 price VHT                               101.25 USD
2021-01-29 price GLD                                48.77 USD
2021-02-05 price VBMPX                              80.80 USD
2021-02-05 price RGAGX                              38.14 USD
2021-02-05 price ITOT                              135.53 USD
2021-02-05 price VEA                                77.59 USD
2021-02-05 price VHT                               101.65 USD
2021-02-05 price GLD                                49.63 USD
2021-02-12 price VBMPX                              82.49 USD
2021-02-12 price RGAGX                              37.91 USD
2021-02-12 price ITOT                              135.34 USD
2021-02-12 price VEA                                78.81 USD
2021-02-12 price VHT                                99.26 USD
2021-02-12 price GLD                                50.14 USD
2021-02-19 price VBMPX                              82.98 USD
2021-02-19 price RGAGX                              37.32 USD
2021-02-19 price ITOT                              137.15 USD
2021-02-19 price VEA                                78.65 USD
2021-02-19 price VHT                               101.13 USD
2021-02-19 price GLD                                49.82 USD
2021-02-26 price VBMPX                              80.51 USD
2021-02-26 price RGAGX                              38.32 USD
2021-02-26 price ITOT                              138.86 USD
2021-02-26 price VEA                                80.12 USD
2021-02-26 price VHT                               101.35 USD
2021-02-26 price GLD                                49.92 USD
2021-03-05 price VBMPX                              81.10 USD
2021-03-05 price RGAGX                              39.32 USD
2021-03-05 price ITOT                              138.60 USD
2021-03-05 price VEA                                79.75 USD
2021-03-05 price VHT                               100.20 USD
2021-03-05 price GLD                                51.29 USD
2021-03-12 price VBMPX                              80.59 USD
2021-03-12 price RGAGX                              39.86 USD
2021-03-12 price ITOT                              139.06 USD
2021-03-12 price VEA                                79.34 USD
2021-03-12 price VHT                               100.64 USD
2021-03-12 price GLD                                50.54 USD
2021-03-19 price VBMPX                              80.47 USD
2021-03-19 price RGAGX                              38.81 USD
2021-03-19 price ITOT                              138.58 USD
2021-03-19 price VEA                                79.14 USD
2021-03-19 price VHT                               102.29 USD
2021-03-19 price GLD                                51.55 USD
2021-03-26 price VBMPX                              80.38 USD
2021-03-26 price RGAGX                              38.96 USD
2021-03-26 price ITOT                              140.75 USD
2021-03-26 price VEA                                80.46 USD
2021-03-26 price VHT                               101.33 USD
2021-03-26 price GLD                                50.99 USD
2021-04-02 price VBMPX                              80.63 USD
2021-04-02 price RGAGX                              38.56 USD
2021-04-02 price ITOT                              140.97 USD
2021-04-02 price VEA                                82.26 USD
2021-04-02 price VHT                               102.41 USD
2021-04-02 price GLD                                51.12 USD
2021-04-09 price VBMPX                              81.72 USD
2021-04-09 price RGAGX                              38.01 USD
2021-04-09 price ITOT                              141.49 USD
2021-04-09 price VEA                                83.50 USD
2021-04-09 price VHT                               104.73 USD
2021-04-09 price GLD                                52.17 USD
2021-04-16 price VBMPX                              82.88 USD
2021-04-16 price RGAGX                              38.51 USD
2021-04-16 price ITOT                              140.34 USD
2021-04-16 price VEA                                84.96 USD
2021-04-16 price VHT                               103.60 USD
2021-04-16 price GLD                                53.26 USD
2021-04-23 price VBMPX                              82.67 USD
2021-04-23 price RGAGX                              39.00 USD
2021-04-23 price ITOT                              141.85 USD
2021-04-23 price VEA                                87.70 USD
2021-04-23 price VHT                               103.75 USD
2021-04-23 price GLD                                53.02 USD
2021-04-30 price VBMPX                              84.78 USD
2021-04-30 price RGAGX                              40.45 USD
2021-04-30 price ITOT                              142.16 USD
2021-04-30 price VEA                                89.55 USD
2021-04-30 price VHT                               105.00 USD
2021-04-30 price GLD                                52.61 USD
2021-05-07 price VBMPX                              85.10 USD
2021-05-07 price RGAGX                              40.03 USD
2021-05-07 price ITOT                              143.83 USD
2021-05-07 price VEA                                86.54 USD
2021-05-07 price VHT                               103.13 USD
2021-05-07 price GLD                                53.10 USD
2021-05-14 price VBMPX                              84.36 USD
2021-05-14 price RGAGX                              40.61 USD
2021-05-14 price ITOT                              144.13 USD
2021-05-14 price VEA                                86.41 USD
2021-05-14 price VHT                               104.66 USD
2021-05-14 price GLD                                52.08 USD
2021-05-21 price VBMPX                              84.28 USD
2021-05-21 price RGAGX                              41.31 USD
2021-05-21 price ITOT                              144.33 USD
2021-05-21 price VEA                                86.52 USD
2021-05-21 price VHT                               105.41 USD
2021-05-21 price GLD                                52.12 USD
2021-05-28 price VBMPX                              83.54 USD
2021-05-28 price RGAGX                              40.68 USD
2021-05-28 price ITOT                              142.05 USD
2021-05-28 price VEA                                86.03 USD
2021-05-28 price VHT                               104.53 USD
2021-05-28 price GLD                                51.77 USD
2021-06-04 price VBMPX                              84.60 USD
2021-06-04 price RGAGX                              39.36 USD
2021-06-04 price ITOT                              141.27 USD
2021-06-04 price VEA                                84.53 USD
2021-06-04 price VHT                               104.37 USD
2021-06-04 price GLD                                51.54 USD
2021-06-11 price VBMPX                              84.97 USD
2021-06-11 price RGAGX                              40.37 USD
2021-06-11 price ITOT                              141.47 USD
2021-06-11 price VEA                                85.08 USD
2021-06-11 price VHT                               105.28 USD
2021-06-11 price GLD                                52.51 USD
2021-06-18 price VBMPX                              84.35 USD
2021-06-18 price RGAGX                              40.61 USD
2021-06-18 price ITOT                              142.21 USD
2021-06-18 price VEA                                84.47 USD
2021-06-18 price VHT                               105.46 USD
2021-06-18 price GLD                                52.81 USD
2021-06-25 price VBMPX                              84.37 USD
2021-06-25 price RGAGX                              40.21 USD
2021-06-25 price ITOT                              144.67 USD
2021-06-25 price VEA                                81.92 USD
2021-06-25 price VHT                               108.30 USD
2021-06-25 price GLD                                53.41 USD
2021-07-02 price VBMPX                              83.40 USD
2021-07-02 price RGAGX                              41.01 USD
2021-07-02 price ITOT                              143.97 USD
2021-07-02 price VEA                                80.04 USD
2021-07-02 price VHT                               106.76 USD
2021-07-02 price GLD                                53.45 USD
2021-07-09 price VBMPX                              81.85 USD
2021-07-09 price RGAGX                              41.03 USD
2021-07-09 price ITOT                              143.03 USD
2021-07-09 price VEA                                78.40 USD
2021-07-09 price VHT                               107.78 USD
2021-07-09 price GLD                                52.88 USD
2021-07-16 price VBMPX                              81.44 USD
2021-07-16 price RGAGX                              41.14 USD
2021-07-16 price ITOT                              143.29 USD
2021-07-16 price VEA                                77.85 USD
2021-07-16 price VHT                               109.37 USD
2021-07-16 price GLD                                53.05 USD
2021-07-23 price VBMPX                              82.19 USD
2021-07-23 price RGAGX                              41.97 USD
2021-07-23 price ITOT                              140.87 USD
2021-07-23 price VEA                                77.79 USD
2021-07-23 price VHT                               111.07 USD
2021-07-23 price GLD                                53.45 USD
2021-07-30 price VBMPX                              82.20 USD
2021-07-30 price RGAGX                              41.87 USD
2021-07-30 price ITOT                              140.09 USD
2021-07-30 price VEA                                77.92 USD
2021-07-30 price VHT                               109.70 USD
2021-07-30 price GLD                                53.97 USD
2021-08-06 price VBMPX                              80.67 USD
2021-08-06 price RGAGX                              41.73 USD
2021-08-06 price ITOT                              139.44 USD
2021-08-06 price VEA                                78.48 USD
2021-08-06 price VHT                               110.46 USD
2021-08-06 price GLD                                54.85 USD
2021-08-13 price VBMPX                              79.66 USD
2021-08-13 price RGAGX                              42.45 USD
2021-08-13 price ITOT                              139.71 USD
2021-08-13 price VEA                                79.71 USD
2021-08-13 price VHT                               111.22 USD
2021-08-13 price GLD                                55.48 USD
2021-08-20 price VBMPX                              81.92 USD
2021-08-20 price RGAGX                              43.24 USD
2021-08-20 price ITOT                              137.61 USD
2021-08-20 price VEA                                79.96 USD
2021-08-20 price VHT                               110.42 USD
2021-08-20 price GLD                                54.75 USD
2021-08-27 price VBMPX                              85.28 USD
2021-08-27 price RGAGX                              42.26 USD
2021-08-27 price ITOT                              138.93 USD
2021-08-27 price VEA                                81.29 USD
2021-08-27 price VHT                               108.55 USD
2021-08-27 price GLD                                54.95 USD
2021-09-03 price VBMPX                              87.40 USD
2021-09-03 price RGAGX                              42.10 USD
2021-09-03 price ITOT                              140.26 USD
2021-09-03 price VEA                                80.68 USD
2021-09-03 price VHT                               108.73 USD
2021-09-03 price GLD                                55.13 USD
2021-09-10 price VBMPX                              90.66 USD
2021-09-10 price RGAGX                              41.13 USD
2021-09-10 price ITOT                              140.13 USD
2021-09-10 price VEA                                81.44 USD
2021-09-10 price VHT                               110.30 USD
2021-09-10 price GLD                                55.83 USD
2021-09-17 price VBMPX                              91.20 USD
2021-09-17 price RGAGX                              41.78 USD
2021-09-17 price ITOT                              141.47 USD
2021-09-17 price VEA                                80.35 USD
2021-09-17 price VHT                               110.18 USD
2021-09-17 price GLD                                55.58 USD
2021-09-24 price VBMPX                              92.14 USD
2021-09-24 price RGAGX                              40.75 USD
2021-09-24 price ITOT                              141.43 USD
2021-09-24 price VEA                                82.73 USD
2021-09-24 price VHT                               111.64 USD
2021-09-24 price GLD                                56.06 USD
2021-10-01 price VBMPX                              93.38 USD
2021-10-01 price RGAGX                              40.78 USD
2021-10-01 price ITOT                              142.65 USD
2021-10-01 price VEA                                82.17 USD
2021-10-01 price VHT                               112.26 USD
2021-10-01 price GLD                                55.59 USD
2021-10-08 price VBMPX                              90.32 USD
2021-10-08 price RGAGX                              40.75 USD
2021-10-08 price ITOT                              144.04 USD
2021-10-08 price VEA                                82.62 USD
2021-10-08 price VHT                               111.82 USD
2021-10-08 price GLD                                54.91 USD
2021-10-15 price VBMPX                              91.18 USD
2021-10-15 price RGAGX                              40.27 USD
2021-10-15 price ITOT                              144.03 USD
2021-10-15 price VEA                                80.13 USD
2021-10-15 price VHT                               110.57 USD
2021-10-15 price GLD                                55.49 USD
2021-10-22 price VBMPX                              90.56 USD
2021-10-22 price RGAGX                              40.46 USD
2021-10-22 price ITOT                              146.50 USD
2021-10-22 price VEA                                80.13 USD
2021-10-22 price VHT                               108.78 USD
2021-10-22 price GLD                                55.84 USD
2021-10-29 price VBMPX                              90.58 USD
2021-10-29 price RGAGX                              40.97 USD
2021-10-29 price ITOT                              147.25 USD
2021-10-29 price VEA                                81.36 USD
2021-10-29 price VHT                               107.69 USD
2021-10-29 price GLD                                57.00 USD
2021-11-05 price VBMPX                              90.69 USD
2021-11-05 price RGAGX                              41.16 USD
2021-11-05 price ITOT                              148.44 USD
2021-11-05 price VEA                                81.70 USD
2021-11-05 price VHT                               109.86 USD
2021-11-05 price GLD                                57.74 USD
2021-11-12 price VBMPX                              92.88 USD
2021-11-12 price RGAGX                              40.55 USD
2021-11-12 price ITOT                              146.79 USD
2021-11-12 price VEA                                80.83 USD
2021-11-12 price VHT                               110.09 USD
2021-11-12 price GLD                                57.98 USD
2021-11-19 price VBMPX                              94.59 USD
2021-11-19 price RGAGX                              40.76 USD
2021-11-19 price ITOT                              147.57 USD
2021-11-19 price VEA                                80.69 USD
2021-11-19 price VHT                               110.26 USD
2021-11-19 price GLD                                57.53 USD
2021-11-26 price VBMPX                              97.48 USD
2021-11-26 price RGAGX                              41.05 USD
2021-11-26 price ITOT                              148.44 USD
2021-11-26 price VEA                                79.90 USD
2021-11-26 price VHT                               111.96 USD
2021-11-26 price GLD                                56.78 USD
2021-12-03 price VBMPX                              97.60 USD
2021-12-03 price RGAGX                              41.91 USD
2021-12-03 price ITOT                              148.90 USD
2021-12-03 price VEA                                82.13 USD
2021-12-03 price VHT                               113.31 USD
2021-12-03 price GLD                                57.62 USD
2021-12-10 price VBMPX                              95.12 USD
2021-12-10 price RGAGX                              41.86 USD
2021-12-10 price ITOT                              146.89 USD
2021-12-10 price VEA                                82.21 USD
2021-12-10 price VHT                               112.62 USD
2021-12-10 price GLD                                57.16 USD
2021-12-17 price VBMPX                              94.69 USD
2021-12-17 price RGAGX                              42.40 USD
2021-12-17 price ITOT                              145.53 USD
2021-12-17 price VEA                                83.64 USD
2021-12-17 price VHT                               111.56 USD
2021-12-17 price GLD                                57.30 USD
2021-12-24 price VBMPX                              92.95 USD
2021-12-24 price RGAGX                              42.40 USD
2021-12-24 price ITOT                              145.72 USD
2021-12-24 price VEA                                83.67 USD
2021-12-24 price VHT                               111.91 USD
2021-12-24 price GLD                                57.96 USD
2021-12-31 price VBMPX                              96.42 USD
2021-12-31 price RGAGX                              42.36 USD
2021-12-31 price ITOT                              145.25 USD
2021-12-31 price VEA                                84.36 USD
2021-12-31 price VHT                               112.49 USD
2021-12-31 price GLD                                58.18 USD
2022-01-07 price VBMPX                              97.82 USD
2022-01-07 price RGAGX                              41.92 USD
2022-01-07 price ITOT                              146.90 USD
2022-01-07 price VEA                                82.39 USD
2022-01-07 price VHT                               113.90 USD
2022-01-07 price GLD                                59.14 USD
2022-01-14 price VBMPX                              98.84 USD
2022-01-14 price RGAGX                              42.16 USD
2022-01-14 price ITOT                              147.09 USD
2022-01-14 price VEA                                80.05 USD
2022-01-14 price VHT                               117.15 USD
2022-01-14 price GLD                                61.19 USD
2022-01-21 price VBMPX                              98.03 USD
2022-01-21 price RGAGX                              42.30 USD
2022-01-21 price ITOT                              148.29 USD
2022-01-21 price VEA                                79.86 USD
2022-01-21 price VHT                               118.22 USD
2022-01-21 price GLD                                60.30 USD
2022-01-28 price VBMPX                              99.24 USD
2022-01-28 price RGAGX                              42.12 USD
2022-01-28 price ITOT                              149.23 USD
2022-01-28 price VEA                                77.64 USD
2022-01-28 price VHT                               116.54 USD
2022-01-28 price GLD                                61.28 USD
2022-02-04 price VBMPX                              96.46 USD
2022-02-04 price RGAGX                              42.30 USD
2022-02-04 price ITOT                              150.46 USD
2022-02-04 price VEA                                78.30 USD
2022-02-04 price VHT                               116.50 USD
2022-02-04 price GLD                                60.55 USD
2022-02-11 price VBMPX                              97.64 USD
2022-02-11 price RGAGX                              42.36 USD
2022-02-11 price ITOT                              150.16 USD
2022-02-11 price VEA                                77.30 USD
2022-02-11 price VHT                               118.56 USD
2022-02-11 price GLD                                61.19 USD
2022-02-18 price VBMPX                             100.79 USD
2022-02-18 price RGAGX                              40.85 USD
2022-02-18 price ITOT                              152.49 USD
2022-02-18 price VEA                                74.80 USD
2022-02-18 price VHT                               116.38 USD
2022-02-18 price GLD                                62.00 USD
2022-02-25 price VBMPX                              99.60 USD
2022-02-25 price RGAGX                              41.66 USD
2022-02-25 price ITOT                              155.51 USD
2022-02-25 price VEA                                74.89 USD
2022-02-25 price VHT                               118.90 USD
2022-02-25 price GLD                                60.70 USD
2022-03-04 price VBMPX                             103.31 USD
2022-03-04 price RGAGX                              40.97 USD
2022-03-04 price ITOT                              156.09 USD
2022-03-04 price VEA                                76.32 USD
2022-03-04 price VHT                               116.88 USD
2022-03-04 price GLD                                60.93 USD
2022-03-11 price VBMPX                             101.28 USD
2022-03-11 price RGAGX                              40.66 USD
2022-03-11 price ITOT                              157.76 USD
2022-03-11 price VEA                                74.73 USD
2022-03-11 price VHT                               118.95 USD
2022-03-11 price GLD                                60.41 USD
2022-03-18 price VBMPX                             102.99 USD
2022-03-18 price RGAGX                              41.00 USD
2022-03-18 price ITOT                              157.00 USD
2022-03-18 price VEA                                73.23 USD
2022-03-18 price VHT                               118.61 USD
2022-03-18 price GLD                                62.59 USD
2022-03-25 price VBMPX                             101.51 USD
2022-03-25 price RGAGX                              39.90 USD
2022-03-25 price ITOT                              157.77 USD
2022-03-25 price VEA                                72.84 USD
2022-03-25 price VHT                               119.84 USD
2022-03-25 price GLD                                63.11 USD
2022-04-01 price VBMPX                             104.70 USD
2022-04-01 price RGAGX                              40.41 USD
2022-04-01 price ITOT                              157.01 USD
2022-04-01 price VEA                                71.21 USD
2022-04-01 price VHT                               119.10 USD
2022-04-01 price GLD                                64.63 USD
2022-04-08 price VBMPX                             103.76 USD
2022-04-08 price RGAGX                              40.09 USD
2022-04-08 price ITOT                              155.21 USD
2022-04-08 price VEA                                71.94 USD
2022-04-08 price VHT                               120.93 USD
2022-04-08 price GLD                                63.30 USD
2022-04-15 price VBMPX                             102.31 USD
2022-04-15 price RGAGX                              39.77 USD
2022-04-15 price ITOT                              153.58 USD
2022-04-15 price VEA                                74.84 USD
2022-04-15 price VHT                               124.01 USD
2022-04-15 price GLD                                63.64 USD
2022-04-22 price VBMPX                             101.10 USD
2022-04-22 price RGAGX                              39.71 USD
2022-04-22 price ITOT                              152.69 USD
2022-04-22 price VEA                                74.94 USD
2022-04-22 price VHT                               123.30 USD
2022-04-22 price GLD                                63.00 USD
2022-04-29 price VBMPX                              98.57 USD
2022-04-29 price RGAGX                              39.49 USD
2022-04-29 price ITOT                              154.26 USD
2022-04-29 price VEA                                75.56 USD
2022-04-29 price VHT                               123.66 USD
2022-04-29 price GLD                                62.63 USD
2022-05-06 price VBMPX                             100.98 USD
2022-05-06 price RGAGX                              39.37 USD
2022-05-06 price ITOT                              157.70 USD
2022-05-06 price VEA                                76.38 USD
2022-05-06 price VHT                               123.86 USD
2022-05-06 price GLD                                62.82 USD
2022-05-13 price VBMPX                              99.89 USD
2022-05-13 price RGAGX                              39.18 USD
2022-05-13 price ITOT                              158.50 USD
2022-05-13 price VEA                                77.25 USD
2022-05-13 price VHT                               123.06 USD
2022-05-13 price GLD                                61.79 USD
2022-05-20 price VBMPX                             106.14 USD
2022-05-20 price RGAGX                              38.18 USD
2022-05-20 price ITOT                              156.54 USD
2022-05-20 price VEA                                78.63 USD
2022-05-20 price VHT                               122.62 USD
2022-05-20 price GLD                                60.83 USD
2022-05-27 price VBMPX                             105.11 USD
2022-05-27 price RGAGX                              38.90 USD
2022-05-27 price ITOT                              157.70 USD
2022-05-27 price VEA                                79.29 USD
2022-05-27 price VHT                               122.92 USD
2022-05-27 price GLD                                62.47 USD
2022-06-03 price VBMPX                             106.00 USD
2022-06-03 price RGAGX                              38.95 USD
2022-06-03 price ITOT                              157.39 USD
2022-06-03 price VEA                                79.83 USD
2022-06-03 price VHT                               120.88 USD
2022-06-03 price GLD                                63.29 USD
2022-06-10 price VBMPX                             103.88 USD
2022-06-10 price RGAGX                              38.92 USD
2022-06-10 price ITOT                              157.63 USD
2022-06-10 price VEA                                76.60 USD
2022-06-10 price VHT                               121.25 USD
2022-06-10 price GLD                                63.61 USD
2022-06-17 price VBMPX                             102.87 USD
2022-06-17 price RGAGX                              39.35 USD
2022-06-17 price ITOT                              157.88 USD
2022-06-17 price VEA                                76.63 USD
2022-06-17 price VHT                               124.07 USD
2022-06-17 price GLD                                64.78 USD
2022-06-24 price VBMPX                             104.61 USD
2022-06-24 price RGAGX                              39.81 USD
2022-06-24 price ITOT                              156.30 USD
2022-06-24 price VEA                                75.08 USD
2022-06-24 price VHT                               123.02 USD
2022-06-24 price GLD                                65.14 USD
2022-07-01 price VBMPX                             104.93 USD
2022-07-01 price RGAGX                              39.17 USD
2022-07-01 price ITOT                              155.30 USD
2022-07-01 price VEA                                75.32 USD
2022-07-01 price VHT                               124.19 USD
2022-07-01 price GLD                                65.93 USD
2022-07-08 price VBMPX                             105.67 USD
2022-07-08 price RGAGX                              38.75 USD
2022-07-08 price ITOT                              156.83 USD
2022-07-08 price VEA                                77.09 USD
2022-07-08 price VHT                               126.22 USD
2022-07-08 price GLD                                65.50 USD
2022-07-15 price VBMPX                             106.79 USD
2022-07-15 price RGAGX                              39.16 USD
2022-07-15 price ITOT                              157.35 USD
2022-07-15 price VEA                                75.81 USD
2022-07-15 price VHT                               125.42 USD
2022-07-15 price GLD                                66.14 USD
2022-07-22 price VBMPX                             104.92 USD
2022-07-22 price RGAGX                              39.23 USD
2022-07-22 price ITOT                              156.58 USD
2022-07-22 price VEA                                75.19 USD
2022-07-22 price VHT                               125.37 USD
2022-07-22 price GLD                                66.94 USD
2022-07-29 price VBMPX                             107.34 USD
2022-07-29 price RGAGX                              39.25 USD
2022-07-29 price ITOT                              156.51 USD
2022-07-29 price VEA                                75.88 USD
2022-07-29 price VHT                               126.60 USD
2022-07-29 price GLD                                66.09 USD
2022-08-05 price VBMPX                             104.72 USD
2022-08-05 price RGAGX                              39.57 USD
2022-08-05 price ITOT                              154.27 USD
2022-08-05 price VEA                                79.92 USD
2022-08-05 price VHT                               127.38 USD
2022-08-05 price GLD                                65.29 USD
2022-08-12 price VBMPX                             109.22 USD
2022-08-12 price RGAGX                              40.57 USD
2022-08-12 price ITOT                              155.64 USD
2022-08-12 price VEA                                79.18 USD
2022-08-12 price VHT                               127.79 USD
2022-08-12 price GLD                                66.40 USD
2022-08-19 price VBMPX                             111.19 USD
2022-08-19 price RGAGX                              40.26 USD
2022-08-19 price ITOT                              156.26 USD
2022-08-19 price VEA                                83.01 USD
2022-08-19 price VHT                               127.51 USD
2022-08-19 price GLD                                66.77 USD
2022-08-26 price VBMPX                             111.23 USD
2022-08-26 price RGAGX                              40.82 USD
2022-08-26 price ITOT                              155.76 USD
2022-08-26 price VEA                                81.27 USD
2022-08-26 price VHT                               126.15 USD
2022-08-26 price GLD                                67.72 USD
2022-09-02 price VBMPX                             111.02 USD
2022-09-02 price RGAGX                              41.37 USD
2022-09-02 price ITOT                              155.87 USD
2022-09-02 price VEA                                80.29 USD
2022-09-02 price VHT                               125.08 USD
2022-09-02 price GLD                                66.93 USD
2022-09-09 price VBMPX                             112.02 USD
2022-09-09 price RGAGX                              41.96 USD
2022-09-09 price ITOT                              154.88 USD
2022-09-09 price VEA                                82.81 USD
2022-09-09 price VHT                               127.61 USD
2022-09-09 price GLD                                66.63 USD
2022-09-16 price VBMPX                             111.77 USD
2022-09-16 price RGAGX                              42.27 USD
2022-09-16 price ITOT                              156.02 USD
2022-09-16 price VEA                                86.02 USD
2022-09-16 price VHT                               127.50 USD
2022-09-16 price GLD                                66.51 USD
2022-09-23 price VBMPX                             115.38 USD
2022-09-23 price RGAGX                              42.90 USD
2022-09-23 price ITOT                              157.38 USD
2022-09-23 price VEA                                89.06 USD
2022-09-23 price VHT                               128.96 USD
2022-09-23 price GLD                                65.37 USD
2022-09-30 price VBMPX                             115.08 USD
2022-09-30 price RGAGX                              43.65 USD
2022-09-30 price ITOT                              157.21 USD
2022-09-30 price VEA                                87.85 USD
2022-09-30 price VHT                               127.76 USD
2022-09-30 price GLD                                66.28 USD
2022-10-07 price VBMPX                             114.07 USD
2022-10-07 price RGAGX                              45.31 USD
2022-10-07 price ITOT                              158.21 USD
2022-10-07 price VEA                                86.96 USD
2022-10-07 price VHT                               126.68 USD
2022-10-07 price GLD                                65.73 USD
2022-10-14 price VBMPX                             112.61 USD
2022-10-14 price RGAGX                              45.06 USD
2022-10-14 price ITOT                              160.12 USD
2022-10-14 price VEA                                84.97 USD
2022-10-14 price VHT                               123.46 USD
2022-10-14 price GLD                                64.46 USD
2022-10-21 price VBMPX                             110.89 USD
2022-10-21 price RGAGX                              45.71 USD
2022-10-21 price ITOT                              159.89 USD
2022-10-21 price VEA                                85.08 USD
2022-10-21 price VHT                               122.33 USD
2022-10-21 price GLD                                64.06 USD
2022-10-28 price VBMPX                             113.15 USD
2022-10-28 price RGAGX                              45.01 USD
2022-10-28 price ITOT                              160.25 USD
2022-10-28 price VEA                                83.58 USD
2022-10-28 price VHT                               121.23 USD
2022-10-28 price GLD                                63.90 USD
2022-11-04 price VBMPX                             116.60 USD
2022-11-04 price RGAGX                              44.47 USD
2022-11-04 price ITOT                              159.20 USD
2022-11-04 price VEA                                84.30 USD
2022-11-04 price VHT                               119.77 USD
2022-11-04 price GLD                                64.45 USD
2022-11-11 price VBMPX                             116.30 USD
2022-11-11 price RGAGX                              44.55 USD
2022-11-11 price ITOT                              159.33 USD
2022-11-11 price VEA                                84.33 USD
2022-11-11 price VHT                               119.32 USD
2022-11-11 price GLD                                64.86 USD
2022-11-18 price VBMPX                             118.91 USD
2022-11-18 price RGAGX                              46.09 USD
2022-11-18 price ITOT                              159.53 USD
2022-11-18 price VEA                                79.46 USD
2022-11-18 price VHT                               121.27 USD
2022-11-18 price GLD                                63.61 USD
2022-11-25 price VBMPX                             117.69 USD
2022-11-25 price RGAGX                              46.91 USD
2022-11-25 price ITOT                              161.06 USD
2022-11-25 price VEA                                81.48 USD
2022-11-25 price VHT                               121.00 USD
2022-11-25 price GLD                                65.26 USD
2022-12-02 price VBMPX                             116.44 USD
2022-12-02 price RGAGX                              45.77 USD
2022-12-02 price ITOT                              160.98 USD
2022-12-02 price VEA                                80.56 USD
2022-12-02 price VHT                               120.53 USD
2022-12-02 price GLD                                64.89 USD
2022-12-09 price VBMPX                             119.04 USD
2022-12-09 price RGAGX                              45.72 USD
2022-12-09 price ITOT                              161.13 USD
2022-12-09 price VEA                                83.51 USD
2022-12-09 price VHT                               120.00 USD
2022-12-09 price GLD                                64.49 USD
2022-12-16 price VBMPX                             120.09 USD
2022-12-16 price RGAGX                              45.92 USD
2022-12-16 price ITOT                              162.24 USD
2022-12-16 price VEA                                82.86 USD
2022-12-16 price VHT                               120.19 USD
2022-12-16 price GLD                                65.72 USD
2022-12-23 price VBMPX                             121.22 USD
2022-12-23 price RGAGX                              45.07 USD
2022-12-23 price ITOT                              162.43 USD
2022-12-23 price VEA                                83.60 USD
2022-12-23 price VHT                               119.69 USD
2022-12-23 price GLD                                65.26 USD
2022-12-30 price VBMPX                             117.48 USD
2022-12-30 price RGAGX                              46.03 USD
2022-12-30 price ITOT                              165.62 USD
2022-12-30 price VEA                                83.88 USD
2022-12-30 price VHT                               120.52 USD
2022-12-30 price GLD                                63.85 USD
2023-01-06 price VBMPX                             117.90 USD
2023-01-06 price RGAGX                              45.13 USD
2023-01-06 price ITOT                              164.61 USD
2023-01-06 price VEA                                82.89 USD
2023-01-06 price VHT                               119.46 USD
2023-01-06 price GLD                                64.51 USD
2023-01-13 price VBMPX                             115.24 USD
2023-01-13 price RGAGX                              45.92 USD
2023-01-13 price ITOT                              163.25 USD
2023-01-13 price VEA                                86.06 USD
2023-01-13 price VHT                               117.13 USD
2023-01-13 price GLD                                65.55 USD
2023-01-20 price VBMPX                             117.47 USD
2023-01-20 price RGAGX                              46.24 USD
2023-01-20 price ITOT                              163.07 USD
2023-01-20 price VEA                                84.67 USD
2023-01-20 price VHT                               118.51 USD
2023-01-20 price GLD                                66.03 USD
2023-01-27 price VBMPX                             118.28 USD
2023-01-27 price RGAGX                              45.57 USD
2023-01-27 price ITOT                              163.24 USD
2023-01-27 price VEA                                84.04 USD
2023-01-27 price VHT                               116.86 USD
2023-01-27 price GLD                                64.17 USD
2023-02-03 price VBMPX                             120.95 USD
2023-02-03 price RGAGX                              46.97 USD
2023-02-03 price ITOT                              163.71 USD
2023-02-03 price VEA                                83.13 USD
2023-02-03 price VHT                               118.72 USD
2023-02-03 price GLD                                63.53 USD
2023-02-10 price VBMPX                             121.72 USD
2023-02-10 price RGAGX                              46.83 USD
2023-02-10 price ITOT                              165.65 USD
2023-02-10 price VEA                                82.02 USD
2023-02-10 price VHT                               118.93 USD
2023-02-10 price GLD                                63.65 USD
2023-02-17 price VBMPX                             120.70 USD
2023-02-17 price RGAGX                              46.42 USD
2023-02-17 price ITOT                              166.83 USD
2023-02-17 price VEA                                79.79 USD
2023-02-17 price VHT                               120.31 USD
2023-02-17 price GLD                                63.68 USD
2023-02-24 price VBMPX                             121.38 USD
2023-02-24 price RGAGX                              46.21 USD
2023-02-24 price ITOT                              165.72 USD
2023-02-24 price VEA                                82.01 USD
2023-02-24 price VHT                               122.40 USD
2023-02-24 price GLD                                62.43 USD
2023-03-03 price VBMPX                             120.18 USD
2023-03-03 price RGAGX                              45.48 USD
2023-03-03 price ITOT                              166.31 USD
2023-03-03 price VEA                                81.78 USD
2023-03-03 price VHT                               119.75 USD
2023-03-03 price GLD                                63.50 USD
2023-03-10 price VBMPX                             117.80 USD
2023-03-10 price RGAGX                              45.92 USD
2023-03-10 price ITOT                              166.04 USD
2023-03-10 price VEA                                83.31 USD
2023-03-10 price VHT                               120.77 USD
2023-03-10 price GLD                                64.11 USD
2023-03-17 price VBMPX                             118.64 USD
2023-03-17 price RGAGX                              46.31 USD
2023-03-17 price ITOT                              168.00 USD
2023-03-17 price VEA                                82.63 USD
2023-03-17 price VHT                               119.59 USD
2023-03-17 price GLD                                63.16 USD
2023-03-24 price VBMPX                             119.29 USD
2023-03-24 price RGAGX                              46.87 USD
2023-03-24 price ITOT                              169.51 USD
2023-03-24 price VEA                                82.46 USD
2023-03-24 price VHT                               117.98 USD
2023-03-24 price GLD                                63.82 USD
2023-03-31 price VBMPX                             117.60 USD
2023-03-31 price RGAGX                              46.58 USD
2023-03-31 price ITOT                              171.39 USD
2023-03-31 price VEA                                81.94 USD
2023-03-31 price VHT                               118.39 USD
2023-03-31 price GLD                                64.13 USD
2023-04-07 price VBMPX                             118.53 USD
2023-04-07 price RGAGX                              46.24 USD
2023-04-07 price ITOT                              171.78 USD
2023-04-07 price VEA                                81.69 USD
2023-04-07 price VHT                               117.42 USD
2023-04-07 price GLD                                64.44 USD
2023-04-14 price VBMPX                             120.62 USD
2023-04-14 price RGAGX                              45.66 USD
2023-04-14 price ITOT                              172.11 USD
2023-04-14 price VEA                                81.76 USD
2023-04-14 price VHT                               116.52 USD
2023-04-14 price GLD                                64.26 USD
2023-04-21 price VBMPX                             122.27 USD
2023-04-21 price RGAGX                              45.02 USD
2023-04-21 price ITOT                              173.63 USD
2023-04-21 price VEA                                80.61 USD
2023-04-21 price VHT                               115.37 USD
2023-04-21 price GLD                                65.80 USD
2023-04-28 price VBMPX                             120.48 USD
2023-04-28 price RGAGX                              43.63 USD
2023-04-28 price ITOT                              172.84 USD
2023-04-28 price VEA                                79.81 USD
2023-04-28 price VHT                               116.62 USD
2023-04-28 price GLD                                66.16 USD
2023-05-05 price VBMPX                             122.83 USD
2023-05-05 price RGAGX                              44.01 USD
2023-05-05 price ITOT                              175.51 USD
2023-05-05 price VEA                                76.58 USD
2023-05-05 price VHT                               117.42 USD
2023-05-05 price GLD                                66.36 USD
2023-05-12 price VBMPX                             122.08 USD
2023-05-12 price RGAGX                              44.19 USD
2023-05-12 price ITOT                              174.42 USD
2023-05-12 price VEA                                74.92 USD
2023-05-12 price VHT                               118.84 USD
2023-05-12 price GLD                                65.86 USD
2023-05-19 price VBMPX                             125.41 USD
2023-05-19 price RGAGX                              45.05 USD
2023-05-19 price ITOT                              175.07 USD
2023-05-19 price VEA                                74.09 USD
2023-05-19 price VHT                               117.83 USD
2023-05-19 price GLD                                66.00 USD
2023-05-26 price VBMPX                             121.79 USD
2023-05-26 price RGAGX                              45.54 USD
2023-05-26 price ITOT                              175.67 USD
2023-05-26 price VEA                                75.28 USD
2023-05-26 price VHT                               115.77 USD
2023-05-26 price GLD                                66.73 USD
2023-06-02 price VBMPX                             122.45 USD
2023-06-02 price RGAGX                              46.00 USD
2023-06-02 price ITOT                              176.56 USD
2023-06-02 price VEA                                75.45 USD
2023-06-02 price VHT                               116.16 USD
2023-06-02 price GLD                                66.38 USD
2023-06-09 price VBMPX                             124.94 USD
2023-06-09 price RGAGX                              46.10 USD
2023-06-09 price ITOT                              173.02 USD
2023-06-09 price VEA                                75.34 USD
2023-06-09 price VHT                               116.48 USD
2023-06-09 price GLD                                64.98 USD
2023-06-16 price VBMPX                             126.50 USD
2023-06-16 price RGAGX                              46.04 USD
2023-06-16 price ITOT                              175.01 USD
2023-06-16 price VEA                                76.48 USD
2023-06-16 price VHT                               115.67 USD
2023-06-16 price GLD                                65.62 USD
2023-06-23 price VBMPX                             124.72 USD
2023-06-23 price RGAGX                              45.85 USD
2023-06-23 price ITOT                              175.48 USD
2023-06-23 price VEA                                78.09 USD
2023-06-23 price VHT                               114.97 USD
2023-06-23 price GLD                                66.08 USD
2023-06-30 price VBMPX                             124.39 USD
2023-06-30 price RGAGX                              46.03 USD
2023-06-30 price ITOT                              171.93 USD
2023-06-30 price VEA                                80.41 USD
2023-06-30 price VHT                               114.47 USD
2023-06-30 price GLD                                67.56 USD
2023-07-07 price VBMPX                             126.29 USD
2023-07-07 price RGAGX                              46.18 USD
2023-07-07 price ITOT                              173.05 USD
2023-07-07 price VEA                                84.82 USD
2023-07-07 price VHT                               113.72 USD
2023-07-07 price GLD                                67.95 USD
2023-07-14 price VBMPX                             124.00 USD
2023-07-14 price RGAGX                              45.92 USD
2023-07-14 price ITOT                              173.42 USD
2023-07-14 price VEA                                84.53 USD
2023-07-14 price VHT                               115.61 USD
2023-07-14 price GLD                                68.65 USD
2023-07-21 price VBMPX                             123.66 USD
2023-07-21 price RGAGX                              46.54 USD
2023-07-21 price ITOT                              173.94 USD
2023-07-21 price VEA                                84.25 USD
2023-07-21 price VHT                               116.69 USD
2023-07-21 price GLD                                68.04 USD
2023-07-28 price VBMPX                             124.13 USD
2023-07-28 price RGAGX                              46.23 USD
2023-07-28 price ITOT                              173.67 USD
2023-07-28 price VEA                                85.03 USD
2023-07-28 price VHT                               117.45 USD
2023-07-28 price GLD                                69.86 USD
2023-08-04 price VBMPX                             124.11 USD
2023-08-04 price RGAGX                              45.93 USD
2023-08-04 price ITOT                              177.01 USD
2023-08-04 price VEA                                85.50 USD
2023-08-04 price VHT                               118.57 USD
2023-08-04 price GLD                                68.99 USD
2023-08-11 price VBMPX                             119.10 USD
2023-08-11 price RGAGX                              45.08 USD
2023-08-11 price ITOT                              177.16 USD
2023-08-11 price VEA                                86.16 USD
2023-08-11 price VHT                               118.69 USD
2023-08-11 price GLD                                69.73 USD
2023-08-18 price VBMPX                             116.14 USD
2023-08-18 price RGAGX                              45.02 USD
2023-08-18 price ITOT                              180.18 USD
2023-08-18 price VEA                                85.65 USD
2023-08-18 price VHT                               116.47 USD
2023-08-18 price GLD                                70.49 USD



* Cash

