;; -*- mode: org; mode: beancount; -*-
;; Birth: 1980-05-12
;; Dates: 2021-01-01 - 2023-08-15
;; THIS FILE HAS BEEN AUTO-GENERATED.
* Options

option "title" "Example Beancount file"
option "operating_currency" "USD"




* Commodities


1792-01-01 commodity USD
  export: "CASH"
  name: "US Dollar"

1900-01-01 commodity VMMXX
  export: "MUTF:VMMXX (MONEY:USD)"

1980-05-12 commodity VACHR
  export: "IGNORE"
  name: "Employer Vacation Hours"

1980-05-12 commodity IRAUSD
  export: "IGNORE"
  name: "US 401k and IRA Contributions"

1995-09-18 commodity VBMPX
  export: "MUTF:VBMPX"
  name: "Vanguard Total Bond Market Index Fund Institutional Plus Shares"
  price: "USD:google/MUTF:VBMPX"

2004-01-20 commodity ITOT
  export: "NYSEARCA:ITOT"
  name: "iShares Core S&P Total U.S. Stock Market ETF"
  price: "USD:google/NYSEARCA:ITOT"

2004-01-26 commodity VHT
  export: "NYSEARCA:VHT"
  name: "Vanguard Health Care ETF"
  price: "USD:google/NYSEARCA:VHT"

2004-11-01 commodity GLD
  export: "NYSEARCA:GLD"
  name: "SPDR Gold Trust (ETF)"
  price: "USD:google/NYSEARCA:GLD"

2007-07-20 commodity VEA
  export: "NYSEARCA:VEA"
  name: "Vanguard FTSE Developed Markets ETF"
  price: "USD:google/NYSEARCA:VEA"

2009-05-01 commodity RGAGX
  export: "MUTF:RGAGX"
  name: "American Funds The Growth Fund of America Class R-6"
  price: "USD:google/MUTF:RGAGX"



* Equity Accounts

1980-05-12 open Equity:Opening-Balances
1980-05-12 open Liabilities:AccountsPayable



* Banking

2021-01-01 open Assets:US:BofA
  address: "123 America Street, LargeTown, USA"
  institution: "Bank of America"
  phone: "+1.012.345.6789"
2021-01-01 open Assets:US:BofA:Checking                        USD
  account: "00234-48574897"

2021-01-01 * "Opening Balance for checking account"
  Assets:US:BofA:Checking                         4100.54 USD
  Equity:Opening-Balances                        -4100.54 USD

2021-01-02 balance Assets:US:BofA:Checking        4100.54 USD

2021-01-04 * "BANK FEES" "Monthly bank fee"
  Assets:US:BofA:Checking                           -4.00 USD
  Expenses:Financial:Fees                            4.00 USD

2021-01-06 * "RiverBank Properties" "Paying the rent"
  Assets:US:BofA:Checking                        -2400.00 USD
  Expenses:Home:Rent                              2400.00 USD

2021-01-09 * "EDISON POWER" ""
  Assets:US:BofA:Checking                          -65.00 USD
  Expenses:Home:Electricity                         65.00 USD

2021-01-20 * "Verizon Wireless" ""
  Assets:US:BofA:Checking                          -78.88 USD
  Expenses:Home:Phone                               78.88 USD

2021-01-21 * "Wine-Tarner Cable" ""
  Assets:US:BofA:Checking                          -80.03 USD
  Expenses:Home:Internet                            80.03 USD

2021-01-29 balance Assets:US:BofA:Checking        3907.19 USD

2021-02-04 * "BANK FEES" "Monthly bank fee"
  Assets:US:BofA:Checking                           -4.00 USD
  Expenses:Financial:Fees                            4.00 USD

2021-02-05 * "RiverBank Properties" "Paying the rent"
  Assets:US:BofA:Checking                        -2400.00 USD
  Expenses:Home:Rent                              2400.00 USD

2021-02-09 * "EDISON POWER" ""
  Assets:US:BofA:Checking                          -65.00 USD
  Expenses:Home:Electricity                         65.00 USD

2021-02-20 * "Verizon Wireless" ""
  Assets:US:BofA:Checking                          -57.84 USD
  Expenses:Home:Phone                               57.84 USD

2021-02-21 * "Wine-Tarner Cable" ""
  Assets:US:BofA:Checking                          -79.98 USD
  Expenses:Home:Internet                            79.98 USD

2021-02-27 balance Assets:US:BofA:Checking        3395.81 USD

2021-03-04 * "BANK FEES" "Monthly bank fee"
  Assets:US:BofA:Checking                           -4.00 USD
  Expenses:Financial:Fees                            4.00 USD

2021-03-06 * "RiverBank Properties" "Paying the rent"
  Assets:US:BofA:Checking                        -2400.00 USD
  Expenses:Home:Rent                              2400.00 USD

2021-03-08 * "EDISON POWER" ""
  Assets:US:BofA:Checking                          -65.00 USD
  Expenses:Home:Electricity                         65.00 USD

2021-03-18 * "Verizon Wireless" ""
  Assets:US:BofA:Checking                          -73.98 USD
  Expenses:Home:Phone                               73.98 USD

2021-03-21 * "Wine-Tarner Cable" ""
  Assets:US:BofA:Checking                          -80.03 USD
  Expenses:Home:Internet                            80.03 USD

2021-03-29 balance Assets:US:BofA:Checking        2890.19 USD

2021-04-04 * "BANK FEES" "Monthly bank fee"
  Assets:US:BofA:Checking                           -4.00 USD
  Expenses:Financial:Fees                            4.00 USD

2021-04-04 * "RiverBank Properties" "Paying the rent"
  Assets:US:BofA:Checking                        -2400.00 USD
  Expenses:Home:Rent                              2400.00 USD

2021-04-08 * "EDISON POWER" ""
  Assets:US:BofA:Checking                          -65.00 USD
  Expenses:Home:Electricity                         65.00 USD

2021-04-20 * "Verizon Wireless" ""
  Assets:US:BofA:Checking                          -59.43 USD
  Expenses:Home:Phone                               59.43 USD

2021-04-23 * "Wine-Tarner Cable" ""
  Assets:US:BofA:Checking                          -80.06 USD
  Expenses:Home:Internet                            80.06 USD

2021-04-25 balance Assets:US:BofA:Checking        2313.44 USD

2021-05-04 * "BANK FEES" "Monthly bank fee"
  Assets:US:BofA:Checking                           -4.00 USD
  Expenses:Financial:Fees                            4.00 USD

2021-05-05 * "RiverBank Properties" "Paying the rent"
  Assets:US:BofA:Checking                        -2400.00 USD
  Expenses:Home:Rent                              2400.00 USD

2021-05-09 * "EDISON POWER" ""
  Assets:US:BofA:Checking                          -65.00 USD
  Expenses:Home:Electricity                         65.00 USD

2021-05-17 balance Assets:US:BofA:Checking        1867.50 USD

2021-05-20 * "Verizon Wireless" ""
  Assets:US:BofA:Checking                          -63.72 USD
  Expenses:Home:Phone                               63.72 USD

2021-05-21 * "Wine-Tarner Cable" ""
  Assets:US:BofA:Checking                          -80.05 USD
  Expenses:Home:Internet                            80.05 USD

2021-06-04 * "BANK FEES" "Monthly bank fee"
  Assets:US:BofA:Checking                           -4.00 USD
  Expenses:Financial:Fees                            4.00 USD

2021-06-04 * "RiverBank Properties" "Paying the rent"
  Assets:US:BofA:Checking                        -2400.00 USD
  Expenses:Home:Rent                              2400.00 USD

2021-06-07 balance Assets:US:BofA:Checking         670.33 USD

2021-06-08 * "EDISON POWER" ""
  Assets:US:BofA:Checking                          -65.00 USD
  Expenses:Home:Electricity                         65.00 USD

2021-06-19 * "Verizon Wireless" ""
  Assets:US:BofA:Checking                          -52.21 USD
  Expenses:Home:Phone                               52.21 USD

2021-06-21 * "Wine-Tarner Cable" ""
  Assets:US:BofA:Checking                          -79.93 USD
  Expenses:Home:Internet                            79.93 USD

2021-06-29 balance Assets:US:BofA:Checking        2569.06 USD

2021-07-04 * "BANK FEES" "Monthly bank fee"
  Assets:US:BofA:Checking                           -4.00 USD
  Expenses:Financial:Fees                            4.00 USD

2021-07-05 * "RiverBank Properties" "Paying the rent"
  Assets:US:BofA:Checking                        -2400.00 USD
  Expenses:Home:Rent                              2400.00 USD

2021-07-09 * "EDISON POWER" ""
  Assets:US:BofA:Checking                          -65.00 USD
  Expenses:Home:Electricity                         65.00 USD

2021-07-19 * "Verizon Wireless" ""
  Assets:US:BofA:Checking                          -51.41 USD
  Expenses:Home:Phone                               51.41 USD

2021-07-21 balance Assets:US:BofA:Checking         872.82 USD

2021-07-21 * "Wine-Tarner Cable" ""
  Assets:US:BofA:Checking                          -80.03 USD
  Expenses:Home:Internet                            80.03 USD

2021-08-04 * "BANK FEES" "Monthly bank fee"
  Assets:US:BofA:Checking                           -4.00 USD
  Expenses:Financial:Fees                            4.00 USD

2021-08-06 * "RiverBank Properties" "Paying the rent"
  Assets:US:BofA:Checking                        -2400.00 USD
  Expenses:Home:Rent                              2400.00 USD

2021-08-08 * "EDISON POWER" ""
  Assets:US:BofA:Checking                          -65.00 USD
  Expenses:Home:Electricity                         65.00 USD

2021-08-11 balance Assets:US:BofA:Checking        1485.41 USD

2021-08-20 * "Verizon Wireless" ""
  Assets:US:BofA:Checking                          -57.33 USD
  Expenses:Home:Phone                               57.33 USD

2021-08-20 * "Transfering accumulated savings to other account"
  Assets:US:BofA:Checking                           -3000 USD
  Assets:US:ETrade:Cash                              3000 USD

2021-08-21 * "Wine-Tarner Cable" ""
  Assets:US:BofA:Checking                          -80.02 USD
  Expenses:Home:Internet                            80.02 USD

2021-08-31 balance Assets:US:BofA:Checking         898.66 USD

2021-09-04 * "BANK FEES" "Monthly bank fee"
  Assets:US:BofA:Checking                           -4.00 USD
  Expenses:Financial:Fees                            4.00 USD

2021-09-04 * "RiverBank Properties" "Paying the rent"
  Assets:US:BofA:Checking                        -2400.00 USD
  Expenses:Home:Rent                              2400.00 USD

2021-09-08 * "EDISON POWER" ""
  Assets:US:BofA:Checking                          -65.00 USD
  Expenses:Home:Electricity                         65.00 USD

2021-09-20 * "Verizon Wireless" ""
  Assets:US:BofA:Checking                          -77.16 USD
  Expenses:Home:Phone                               77.16 USD

2021-09-22 * "Wine-Tarner Cable" ""
  Assets:US:BofA:Checking                          -79.85 USD
  Expenses:Home:Internet                            79.85 USD

2021-09-30 balance Assets:US:BofA:Checking        2707.67 USD

2021-10-04 * "BANK FEES" "Monthly bank fee"
  Assets:US:BofA:Checking                           -4.00 USD
  Expenses:Financial:Fees                            4.00 USD

2021-10-06 * "RiverBank Properties" "Paying the rent"
  Assets:US:BofA:Checking                        -2400.00 USD
  Expenses:Home:Rent                              2400.00 USD

2021-10-08 * "EDISON POWER" ""
  Assets:US:BofA:Checking                          -65.00 USD
  Expenses:Home:Electricity                         65.00 USD

2021-10-15 * "Transfering accumulated savings to other account"
  Assets:US:BofA:Checking                           -3500 USD
  Assets:US:ETrade:Cash                              3500 USD

2021-10-19 * "Verizon Wireless" ""
  Assets:US:BofA:Checking                          -45.25 USD
  Expenses:Home:Phone                               45.25 USD

2021-10-21 * "Wine-Tarner Cable" ""
  Assets:US:BofA:Checking                          -79.85 USD
  Expenses:Home:Internet                            79.85 USD

2021-10-23 balance Assets:US:BofA:Checking        1004.23 USD

2021-11-04 * "BANK FEES" "Monthly bank fee"
  Assets:US:BofA:Checking                           -4.00 USD
  Expenses:Financial:Fees                            4.00 USD

2021-11-05 * "RiverBank Properties" "Paying the rent"
  Assets:US:BofA:Checking                        -2400.00 USD
  Expenses:Home:Rent                              2400.00 USD

2021-11-08 * "EDISON POWER" ""
  Assets:US:BofA:Checking                          -65.00 USD
  Expenses:Home:Electricity                         65.00 USD

2021-11-18 balance Assets:US:BofA:Checking        2865.32 USD

2021-11-20 * "Verizon Wireless" ""
  Assets:US:BofA:Checking                          -42.39 USD
  Expenses:Home:Phone                               42.39 USD

2021-11-23 * "Wine-Tarner Cable" ""
  Assets:US:BofA:Checking                          -80.03 USD
  Expenses:Home:Internet                            80.03 USD

2021-12-04 * "BANK FEES" "Monthly bank fee"
  Assets:US:BofA:Checking                           -4.00 USD
  Expenses:Financial:Fees                            4.00 USD

2021-12-05 * "RiverBank Properties" "Paying the rent"
  Assets:US:BofA:Checking                        -2400.00 USD
  Expenses:Home:Rent                              2400.00 USD

2021-12-08 * "EDISON POWER" ""
  Assets:US:BofA:Checking                          -65.00 USD
  Expenses:Home:Electricity                         65.00 USD

2021-12-15 balance Assets:US:BofA:Checking        4610.06 USD

2021-12-18 * "Verizon Wireless" ""
  Assets:US:BofA:Checking                          -69.57 USD
  Expenses:Home:Phone                               69.57 USD

2021-12-23 * "Wine-Tarner Cable" ""
  Assets:US:BofA:Checking                          -79.79 USD
  Expenses:Home:Internet                            79.79 USD

2022-01-04 * "BANK FEES" "Monthly bank fee"
  Assets:US:BofA:Checking                           -4.00 USD
  Expenses:Financial:Fees                            4.00 USD

2022-01-04 * "RiverBank Properties" "Paying the rent"
  Assets:US:BofA:Checking                        -2400.00 USD
  Expenses:Home:Rent                              2400.00 USD

2022-01-09 * "EDISON POWER" ""
  Assets:US:BofA:Checking                          -65.00 USD
  Expenses:Home:Electricity                         65.00 USD

2022-01-11 balance Assets:US:BofA:Checking        5404.84 USD

2022-01-20 * "Verizon Wireless" ""
  Assets:US:BofA:Checking                          -40.58 USD
  Expenses:Home:Phone                               40.58 USD

2022-01-23 * "Wine-Tarner Cable" ""
  Assets:US:BofA:Checking                          -79.89 USD
  Expenses:Home:Internet                            79.89 USD

2022-02-04 * "BANK FEES" "Monthly bank fee"
  Assets:US:BofA:Checking                           -4.00 USD
  Expenses:Financial:Fees                            4.00 USD

2022-02-04 * "RiverBank Properties" "Paying the rent"
  Assets:US:BofA:Checking                        -2400.00 USD
  Expenses:Home:Rent                              2400.00 USD

2022-02-08 balance Assets:US:BofA:Checking        5581.57 USD

2022-02-08 * "EDISON POWER" ""
  Assets:US:BofA:Checking                          -65.00 USD
  Expenses:Home:Electricity                         65.00 USD

2022-02-20 * "Verizon Wireless" ""
  Assets:US:BofA:Checking                          -64.14 USD
  Expenses:Home:Phone                               64.14 USD

2022-02-21 * "Wine-Tarner Cable" ""
  Assets:US:BofA:Checking                          -79.93 USD
  Expenses:Home:Internet                            79.93 USD

2022-03-04 * "BANK FEES" "Monthly bank fee"
  Assets:US:BofA:Checking                           -4.00 USD
  Expenses:Financial:Fees                            4.00 USD

2022-03-05 * "RiverBank Properties" "Paying the rent"
  Assets:US:BofA:Checking                        -2400.00 USD
  Expenses:Home:Rent                              2400.00 USD

2022-03-06 balance Assets:US:BofA:Checking        4990.00 USD

2022-03-08 * "EDISON POWER" ""
  Assets:US:BofA:Checking                          -65.00 USD
  Expenses:Home:Electricity                         65.00 USD

2022-03-20 * "Verizon Wireless" ""
  Assets:US:BofA:Checking                          -48.67 USD
  Expenses:Home:Phone                               48.67 USD

2022-03-22 * "Wine-Tarner Cable" ""
  Assets:US:BofA:Checking                          -79.81 USD
  Expenses:Home:Internet                            79.81 USD

2022-03-29 balance Assets:US:BofA:Checking        4782.45 USD

2022-04-04 * "BANK FEES" "Monthly bank fee"
  Assets:US:BofA:Checking                           -4.00 USD
  Expenses:Financial:Fees                            4.00 USD

2022-04-04 * "RiverBank Properties" "Paying the rent"
  Assets:US:BofA:Checking                        -2400.00 USD
  Expenses:Home:Rent                              2400.00 USD

2022-04-08 * "EDISON POWER" ""
  Assets:US:BofA:Checking                          -65.00 USD
  Expenses:Home:Electricity                         65.00 USD

2022-04-20 * "Verizon Wireless" ""
  Assets:US:BofA:Checking                          -59.35 USD
  Expenses:Home:Phone                               59.35 USD

2022-04-22 * "Wine-Tarner Cable" ""
  Assets:US:BofA:Checking                          -79.81 USD
  Expenses:Home:Internet                            79.81 USD

2022-04-27 balance Assets:US:BofA:Checking        4281.67 USD

2022-05-04 * "BANK FEES" "Monthly bank fee"
  Assets:US:BofA:Checking                           -4.00 USD
  Expenses:Financial:Fees                            4.00 USD

2022-05-04 * "RiverBank Properties" "Paying the rent"
  Assets:US:BofA:Checking                        -2400.00 USD
  Expenses:Home:Rent                              2400.00 USD

2022-05-09 * "EDISON POWER" ""
  Assets:US:BofA:Checking                          -65.00 USD
  Expenses:Home:Electricity                         65.00 USD

2022-05-18 * "Verizon Wireless" ""
  Assets:US:BofA:Checking                          -65.49 USD
  Expenses:Home:Phone                               65.49 USD

2022-05-20 balance Assets:US:BofA:Checking        3876.12 USD

2022-05-22 * "Wine-Tarner Cable" ""
  Assets:US:BofA:Checking                          -79.98 USD
  Expenses:Home:Internet                            79.98 USD

2022-06-04 * "BANK FEES" "Monthly bank fee"
  Assets:US:BofA:Checking                           -4.00 USD
  Expenses:Financial:Fees                            4.00 USD

2022-06-05 * "RiverBank Properties" "Paying the rent"
  Assets:US:BofA:Checking                        -2400.00 USD
  Expenses:Home:Rent                              2400.00 USD

2022-06-08 * "EDISON POWER" ""
  Assets:US:BofA:Checking                          -65.00 USD
  Expenses:Home:Electricity                         65.00 USD

2022-06-09 balance Assets:US:BofA:Checking        2677.74 USD

2022-06-18 * "Verizon Wireless" ""
  Assets:US:BofA:Checking                          -59.61 USD
  Expenses:Home:Phone                               59.61 USD

2022-06-22 * "Wine-Tarner Cable" ""
  Assets:US:BofA:Checking                          -80.06 USD
  Expenses:Home:Internet                            80.06 USD

2022-07-03 * "RiverBank Properties" "Paying the rent"
  Assets:US:BofA:Checking                        -2400.00 USD
  Expenses:Home:Rent                              2400.00 USD

2022-07-04 * "BANK FEES" "Monthly bank fee"
  Assets:US:BofA:Checking                           -4.00 USD
  Expenses:Financial:Fees                            4.00 USD

2022-07-08 balance Assets:US:BofA:Checking        3119.07 USD

2022-07-09 * "EDISON POWER" ""
  Assets:US:BofA:Checking                          -65.00 USD
  Expenses:Home:Electricity                         65.00 USD

2022-07-20 * "Verizon Wireless" ""
  Assets:US:BofA:Checking                          -60.54 USD
  Expenses:Home:Phone                               60.54 USD

2022-07-21 * "Wine-Tarner Cable" ""
  Assets:US:BofA:Checking                          -79.88 USD
  Expenses:Home:Internet                            79.88 USD

2022-07-22 * "Transfering accumulated savings to other account"
  Assets:US:BofA:Checking                           -3000 USD
  Assets:US:ETrade:Cash                              3000 USD

2022-07-31 balance Assets:US:BofA:Checking        1264.25 USD

2022-08-04 * "BANK FEES" "Monthly bank fee"
  Assets:US:BofA:Checking                           -4.00 USD
  Expenses:Financial:Fees                            4.00 USD

2022-08-04 * "RiverBank Properties" "Paying the rent"
  Assets:US:BofA:Checking                        -2400.00 USD
  Expenses:Home:Rent                              2400.00 USD

2022-08-08 * "EDISON POWER" ""
  Assets:US:BofA:Checking                          -65.00 USD
  Expenses:Home:Electricity                         65.00 USD

2022-08-19 * "Verizon Wireless" ""
  Assets:US:BofA:Checking                          -62.86 USD
  Expenses:Home:Phone                               62.86 USD

2022-08-21 * "Wine-Tarner Cable" ""
  Assets:US:BofA:Checking                          -80.05 USD
  Expenses:Home:Internet                            80.05 USD

2022-08-29 balance Assets:US:BofA:Checking        2780.02 USD

2022-09-03 * "RiverBank Properties" "Paying the rent"
  Assets:US:BofA:Checking                        -2400.00 USD
  Expenses:Home:Rent                              2400.00 USD

2022-09-04 * "BANK FEES" "Monthly bank fee"
  Assets:US:BofA:Checking                           -4.00 USD
  Expenses:Financial:Fees                            4.00 USD

2022-09-08 * "EDISON POWER" ""
  Assets:US:BofA:Checking                          -65.00 USD
  Expenses:Home:Electricity                         65.00 USD

2022-09-16 * "Transfering accumulated savings to other account"
  Assets:US:BofA:Checking                           -4000 USD
  Assets:US:ETrade:Cash                              4000 USD

2022-09-19 balance Assets:US:BofA:Checking         936.24 USD

2022-09-20 * "Verizon Wireless" ""
  Assets:US:BofA:Checking                          -62.74 USD
  Expenses:Home:Phone                               62.74 USD

2022-09-21 * "Wine-Tarner Cable" ""
  Assets:US:BofA:Checking                          -79.88 USD
  Expenses:Home:Internet                            79.88 USD

2022-10-04 * "BANK FEES" "Monthly bank fee"
  Assets:US:BofA:Checking                           -4.00 USD
  Expenses:Financial:Fees                            4.00 USD

2022-10-06 * "RiverBank Properties" "Paying the rent"
  Assets:US:BofA:Checking                        -2400.00 USD
  Expenses:Home:Rent                              2400.00 USD

2022-10-09 * "EDISON POWER" ""
  Assets:US:BofA:Checking                          -65.00 USD
  Expenses:Home:Electricity                         65.00 USD

2022-10-14 balance Assets:US:BofA:Checking        2950.35 USD

2022-10-20 * "Verizon Wireless" ""
  Assets:US:BofA:Checking                          -59.85 USD
  Expenses:Home:Phone                               59.85 USD

2022-10-23 * "Wine-Tarner Cable" ""
  Assets:US:BofA:Checking                          -80.00 USD
  Expenses:Home:Internet                            80.00 USD

2022-11-04 * "BANK FEES" "Monthly bank fee"
  Assets:US:BofA:Checking                           -4.00 USD
  Expenses:Financial:Fees                            4.00 USD

2022-11-05 * "RiverBank Properties" "Paying the rent"
  Assets:US:BofA:Checking                        -2400.00 USD
  Expenses:Home:Rent                              2400.00 USD

2022-11-06 balance Assets:US:BofA:Checking        2957.10 USD

2022-11-08 * "EDISON POWER" ""
  Assets:US:BofA:Checking                          -65.00 USD
  Expenses:Home:Electricity                         65.00 USD

2022-11-11 * "Transfering accumulated savings to other account"
  Assets:US:BofA:Checking                           -4000 USD
  Assets:US:ETrade:Cash                              4000 USD

2022-11-20 * "Verizon Wireless" ""
  Assets:US:BofA:Checking                          -45.99 USD
  Expenses:Home:Phone                               45.99 USD

2022-11-22 * "Wine-Tarner Cable" ""
  Assets:US:BofA:Checking                          -80.03 USD
  Expenses:Home:Internet                            80.03 USD

2022-11-27 balance Assets:US:BofA:Checking        3020.36 USD

2022-12-04 * "BANK FEES" "Monthly bank fee"
  Assets:US:BofA:Checking                           -4.00 USD
  Expenses:Financial:Fees                            4.00 USD

2022-12-04 * "RiverBank Properties" "Paying the rent"
  Assets:US:BofA:Checking                        -2400.00 USD
  Expenses:Home:Rent                              2400.00 USD

2022-12-08 * "EDISON POWER" ""
  Assets:US:BofA:Checking                          -65.00 USD
  Expenses:Home:Electricity                         65.00 USD

2022-12-18 * "Verizon Wireless" ""
  Assets:US:BofA:Checking                          -72.91 USD
  Expenses:Home:Phone                               72.91 USD

2022-12-23 * "Wine-Tarner Cable" ""
  Assets:US:BofA:Checking                          -80.05 USD
  Expenses:Home:Internet                            80.05 USD

2022-12-27 balance Assets:US:BofA:Checking        5457.59 USD

2023-01-04 * "BANK FEES" "Monthly bank fee"
  Assets:US:BofA:Checking                           -4.00 USD
  Expenses:Financial:Fees                            4.00 USD

2023-01-06 * "RiverBank Properties" "Paying the rent"
  Assets:US:BofA:Checking                        -2400.00 USD
  Expenses:Home:Rent                              2400.00 USD

2023-01-09 * "EDISON POWER" ""
  Assets:US:BofA:Checking                          -65.00 USD
  Expenses:Home:Electricity                         65.00 USD

2023-01-18 balance Assets:US:BofA:Checking        3687.94 USD

2023-01-18 * "Verizon Wireless" ""
  Assets:US:BofA:Checking                          -60.52 USD
  Expenses:Home:Phone                               60.52 USD

2023-01-21 * "Wine-Tarner Cable" ""
  Assets:US:BofA:Checking                          -80.05 USD
  Expenses:Home:Internet                            80.05 USD

2023-02-04 * "BANK FEES" "Monthly bank fee"
  Assets:US:BofA:Checking                           -4.00 USD
  Expenses:Financial:Fees                            4.00 USD

2023-02-06 * "RiverBank Properties" "Paying the rent"
  Assets:US:BofA:Checking                        -2400.00 USD
  Expenses:Home:Rent                              2400.00 USD

2023-02-08 balance Assets:US:BofA:Checking        3844.57 USD

2023-02-09 * "EDISON POWER" ""
  Assets:US:BofA:Checking                          -65.00 USD
  Expenses:Home:Electricity                         65.00 USD

2023-02-19 * "Verizon Wireless" ""
  Assets:US:BofA:Checking                          -51.20 USD
  Expenses:Home:Phone                               51.20 USD

2023-02-21 * "Wine-Tarner Cable" ""
  Assets:US:BofA:Checking                          -79.88 USD
  Expenses:Home:Internet                            79.88 USD

2023-03-01 balance Assets:US:BofA:Checking        4100.28 USD

2023-03-04 * "BANK FEES" "Monthly bank fee"
  Assets:US:BofA:Checking                           -4.00 USD
  Expenses:Financial:Fees                            4.00 USD

2023-03-06 * "RiverBank Properties" "Paying the rent"
  Assets:US:BofA:Checking                        -2400.00 USD
  Expenses:Home:Rent                              2400.00 USD

2023-03-09 * "EDISON POWER" ""
  Assets:US:BofA:Checking                          -65.00 USD
  Expenses:Home:Electricity                         65.00 USD

2023-03-19 * "Verizon Wireless" ""
  Assets:US:BofA:Checking                          -57.50 USD
  Expenses:Home:Phone                               57.50 USD

2023-03-23 balance Assets:US:BofA:Checking        3846.20 USD

2023-03-23 * "Wine-Tarner Cable" ""
  Assets:US:BofA:Checking                          -80.02 USD
  Expenses:Home:Internet                            80.02 USD

2023-04-04 * "BANK FEES" "Monthly bank fee"
  Assets:US:BofA:Checking                           -4.00 USD
  Expenses:Financial:Fees                            4.00 USD

2023-04-04 * "RiverBank Properties" "Paying the rent"
  Assets:US:BofA:Checking                        -2400.00 USD
  Expenses:Home:Rent                              2400.00 USD

2023-04-08 * "EDISON POWER" ""
  Assets:US:BofA:Checking                          -65.00 USD
  Expenses:Home:Electricity                         65.00 USD

2023-04-12 balance Assets:US:BofA:Checking         805.72 USD

2023-04-20 * "Verizon Wireless" ""
  Assets:US:BofA:Checking                          -49.55 USD
  Expenses:Home:Phone                               49.55 USD

2023-04-22 * "Wine-Tarner Cable" ""
  Assets:US:BofA:Checking                          -80.01 USD
  Expenses:Home:Internet                            80.01 USD

2023-05-03 * "RiverBank Properties" "Paying the rent"
  Assets:US:BofA:Checking                        -2400.00 USD
  Expenses:Home:Rent                              2400.00 USD

2023-05-04 * "BANK FEES" "Monthly bank fee"
  Assets:US:BofA:Checking                           -4.00 USD
  Expenses:Financial:Fees                            4.00 USD

2023-05-08 * "EDISON POWER" ""
  Assets:US:BofA:Checking                          -65.00 USD
  Expenses:Home:Electricity                         65.00 USD

2023-05-12 balance Assets:US:BofA:Checking        1959.43 USD

2023-05-18 * "Verizon Wireless" ""
  Assets:US:BofA:Checking                          -81.37 USD
  Expenses:Home:Phone                               81.37 USD

2023-05-21 * "Wine-Tarner Cable" ""
  Assets:US:BofA:Checking                          -80.07 USD
  Expenses:Home:Internet                            80.07 USD

2023-06-04 * "BANK FEES" "Monthly bank fee"
  Assets:US:BofA:Checking                           -4.00 USD
  Expenses:Financial:Fees                            4.00 USD

2023-06-05 * "RiverBank Properties" "Paying the rent"
  Assets:US:BofA:Checking                        -2400.00 USD
  Expenses:Home:Rent                              2400.00 USD

2023-06-08 * "EDISON POWER" ""
  Assets:US:BofA:Checking                          -65.00 USD
  Expenses:Home:Electricity                         65.00 USD

2023-06-11 balance Assets:US:BofA:Checking        2030.19 USD

2023-06-19 * "Verizon Wireless" ""
  Assets:US:BofA:Checking                          -50.93 USD
  Expenses:Home:Phone                               50.93 USD

2023-06-22 * "Wine-Tarner Cable" ""
  Assets:US:BofA:Checking                          -79.98 USD
  Expenses:Home:Internet                            79.98 USD

2023-07-04 * "BANK FEES" "Monthly bank fee"
  Assets:US:BofA:Checking                           -4.00 USD
  Expenses:Financial:Fees                            4.00 USD

2023-07-06 * "RiverBank Properties" "Paying the rent"
  Assets:US:BofA:Checking                        -2400.00 USD
  Expenses:Home:Rent                              2400.00 USD

2023-07-09 balance Assets:US:BofA:Checking         692.12 USD

2023-07-09 * "EDISON POWER" ""
  Assets:US:BofA:Checking                          -65.00 USD
  Expenses:Home:Electricity                         65.00 USD

2023-07-18 * "Verizon Wireless" ""
  Assets:US:BofA:Checking                          -48.28 USD
  Expenses:Home:Phone                               48.28 USD

2023-07-21 * "Wine-Tarner Cable" ""
  Assets:US:BofA:Checking                          -80.00 USD
  Expenses:Home:Internet                            80.00 USD

2023-08-04 * "BANK FEES" "Monthly bank fee"
  Assets:US:BofA:Checking                           -4.00 USD
  Expenses:Financial:Fees                            4.00 USD

2023-08-04 * "Transfering accumulated savings to other account"
  Assets:US:BofA:Checking                           -3500 USD
  Assets:US:ETrade:Cash                              3500 USD



* Credit-Cards

1980-05-12 open Liabilities:US:Chase:Slate                      USD

2021-01-02 * "Chichipotle" "Eating out alone"
  Liabilities:US:Chase:Slate                       -35.24 USD
  Expenses:Food:Restaurant                          35.24 USD

2021-01-04 * "Chichipotle" "Eating out with Julie"
  Liabilities:US:Chase:Slate                       -35.83 USD
  Expenses:Food:Restaurant                          35.83 USD

2021-01-06 * "Goba Goba" "Eating out with Julie"
  Liabilities:US:Chase:Slate                       -54.13 USD
  Expenses:Food:Restaurant                          54.13 USD

2021-01-08 * "Onion Market" "Buying groceries"
  Liabilities:US:Chase:Slate                       -96.56 USD
  Expenses:Food:Groceries                           96.56 USD

2021-01-09 * "Chichipotle" "Eating out with Julie"
  Liabilities:US:Chase:Slate                       -44.88 USD
  Expenses:Food:Restaurant                          44.88 USD

2021-01-09 * "Chase:Slate" "Paying off credit card"
  Liabilities:US:Chase:Slate                       266.64 USD
  Assets:US:BofA:Checking                         -266.64 USD

2021-01-11 * "Rose Flower" "Eating out after work"
  Liabilities:US:Chase:Slate                       -38.21 USD
  Expenses:Food:Restaurant                          38.21 USD

2021-01-16 * "Chichipotle" "Eating out with Joe"
  Liabilities:US:Chase:Slate                        -7.56 USD
  Expenses:Food:Restaurant                           7.56 USD

2021-01-17 * "Onion Market" "Buying groceries"
  Liabilities:US:Chase:Slate                       -75.34 USD
  Expenses:Food:Groceries                           75.34 USD

2021-01-20 * "Chichipotle" "Eating out "
  Liabilities:US:Chase:Slate                       -22.90 USD
  Expenses:Food:Restaurant                          22.90 USD

2021-01-22 * "Jewel of Morroco" "Eating out after work"
  Liabilities:US:Chase:Slate                       -41.83 USD
  Expenses:Food:Restaurant                          41.83 USD

2021-01-25 * "Jewel of Morroco" "Eating out "
  Liabilities:US:Chase:Slate                       -19.54 USD
  Expenses:Food:Restaurant                          19.54 USD

2021-01-28 * "Chichipotle" "Eating out "
  Liabilities:US:Chase:Slate                       -57.00 USD
  Expenses:Food:Restaurant                          57.00 USD

2021-01-28 * "Onion Market" "Buying groceries"
  Liabilities:US:Chase:Slate                       -90.32 USD
  Expenses:Food:Groceries                           90.32 USD

2021-01-30 * "Metro Transport Authority" "Tram tickets"
  Liabilities:US:Chase:Slate                      -120.00 USD
  Expenses:Transport:Tram                          120.00 USD

2021-01-31 balance Liabilities:US:Chase:Slate     -472.70 USD

2021-01-31 * "Kin Soy" "Eating out with Natasha"
  Liabilities:US:Chase:Slate                       -35.86 USD
  Expenses:Food:Restaurant                          35.86 USD

2021-02-03 * "Chichipotle" "Eating out with work buddies"
  Liabilities:US:Chase:Slate                       -32.11 USD
  Expenses:Food:Restaurant                          32.11 USD

2021-02-07 * "Kin Soy" "Eating out with Bill"
  Liabilities:US:Chase:Slate                       -25.49 USD
  Expenses:Food:Restaurant                          25.49 USD

2021-02-10 * "Chase:Slate" "Paying off credit card"
  Liabilities:US:Chase:Slate                       605.76 USD
  Assets:US:BofA:Checking                         -605.76 USD

2021-02-12 * "Jewel of Morroco" "Eating out with Bill"
  Liabilities:US:Chase:Slate                       -39.60 USD
  Expenses:Food:Restaurant                          39.60 USD

2021-02-13 * "Farmer Fresh" "Buying groceries"
  Liabilities:US:Chase:Slate                       -66.11 USD
  Expenses:Food:Groceries                           66.11 USD

2021-02-17 * "Goba Goba" "Eating out with Julie"
  Liabilities:US:Chase:Slate                       -40.68 USD
  Expenses:Food:Restaurant                          40.68 USD

2021-02-22 balance Liabilities:US:Chase:Slate     -106.79 USD

2021-02-22 * "Rose Flower" "Eating out with Joe"
  Liabilities:US:Chase:Slate                       -23.01 USD
  Expenses:Food:Restaurant                          23.01 USD

2021-02-27 * "China Garden" "Eating out with work buddies"
  Liabilities:US:Chase:Slate                       -29.00 USD
  Expenses:Food:Restaurant                          29.00 USD

2021-03-02 * "Good Moods Market" "Buying groceries"
  Liabilities:US:Chase:Slate                      -132.26 USD
  Expenses:Food:Groceries                          132.26 USD

2021-03-03 * "Chichipotle" "Eating out with Bill"
  Liabilities:US:Chase:Slate                       -84.98 USD
  Expenses:Food:Restaurant                          84.98 USD

2021-03-03 * "Metro Transport Authority" "Tram tickets"
  Liabilities:US:Chase:Slate                      -120.00 USD
  Expenses:Transport:Tram                          120.00 USD

2021-03-06 * "Rose Flower" "Eating out with Bill"
  Liabilities:US:Chase:Slate                       -25.06 USD
  Expenses:Food:Restaurant                          25.06 USD

2021-03-07 * "China Garden" "Eating out after work"
  Liabilities:US:Chase:Slate                       -33.95 USD
  Expenses:Food:Restaurant                          33.95 USD

2021-03-11 * "Chase:Slate" "Paying off credit card"
  Liabilities:US:Chase:Slate                       583.81 USD
  Assets:US:BofA:Checking                         -583.81 USD

2021-03-12 * "Goba Goba" "Eating out "
  Liabilities:US:Chase:Slate                       -28.76 USD
  Expenses:Food:Restaurant                          28.76 USD

2021-03-15 balance Liabilities:US:Chase:Slate           0 USD

2021-03-17 * "Uncle Boons" "Eating out with Joe"
  Liabilities:US:Chase:Slate                       -27.63 USD
  Expenses:Food:Restaurant                          27.63 USD

2021-03-18 * "Farmer Fresh" "Buying groceries"
  Liabilities:US:Chase:Slate                       -67.51 USD
  Expenses:Food:Groceries                           67.51 USD

2021-03-20 * "Kin Soy" "Eating out with Joe"
  Liabilities:US:Chase:Slate                       -35.41 USD
  Expenses:Food:Restaurant                          35.41 USD

2021-03-25 * "Chichipotle" "Eating out with Bill"
  Liabilities:US:Chase:Slate                       -36.36 USD
  Expenses:Food:Restaurant                          36.36 USD

2021-03-28 * "Corner Deli" "Buying groceries"
  Liabilities:US:Chase:Slate                       -78.98 USD
  Expenses:Food:Groceries                           78.98 USD

2021-03-29 * "China Garden" "Eating out with Bill"
  Liabilities:US:Chase:Slate                       -69.45 USD
  Expenses:Food:Restaurant                          69.45 USD

2021-03-30 * "Metro Transport Authority" "Tram tickets"
  Liabilities:US:Chase:Slate                      -120.00 USD
  Expenses:Transport:Tram                          120.00 USD

2021-04-01 * "China Garden" "Eating out with Bill"
  Liabilities:US:Chase:Slate                       -79.82 USD
  Expenses:Food:Restaurant                          79.82 USD

2021-04-04 * "Farmer Fresh" "Buying groceries"
  Liabilities:US:Chase:Slate                      -104.63 USD
  Expenses:Food:Groceries                          104.63 USD

2021-04-06 * "China Garden" "Eating out with Natasha"
  Liabilities:US:Chase:Slate                       -30.42 USD
  Expenses:Food:Restaurant                          30.42 USD

2021-04-07 * "Goba Goba" "Eating out after work"
  Liabilities:US:Chase:Slate                       -19.25 USD
  Expenses:Food:Restaurant                          19.25 USD

2021-04-07 * "Chase:Slate" "Paying off credit card"
  Liabilities:US:Chase:Slate                       669.46 USD
  Assets:US:BofA:Checking                         -669.46 USD

2021-04-09 * "Onion Market" "Buying groceries"
  Liabilities:US:Chase:Slate                       -75.29 USD
  Expenses:Food:Groceries                           75.29 USD

2021-04-10 * "Cafe Modagor" "Eating out with Julie"
  Liabilities:US:Chase:Slate                       -16.70 USD
  Expenses:Food:Restaurant                          16.70 USD

2021-04-11 balance Liabilities:US:Chase:Slate      -91.99 USD

2021-04-15 * "Jewel of Morroco" "Eating out with Bill"
  Liabilities:US:Chase:Slate                       -41.36 USD
  Expenses:Food:Restaurant                          41.36 USD

2021-04-17 * "Rose Flower" "Eating out with Joe"
  Liabilities:US:Chase:Slate                       -23.81 USD
  Expenses:Food:Restaurant                          23.81 USD

2021-04-20 * "Chichipotle" "Eating out with Bill"
  Liabilities:US:Chase:Slate                       -22.96 USD
  Expenses:Food:Restaurant                          22.96 USD

2021-04-21 * "Goba Goba" "Eating out with Joe"
  Liabilities:US:Chase:Slate                       -67.45 USD
  Expenses:Food:Restaurant                          67.45 USD

2021-04-22 * "China Garden" "Eating out alone"
  Liabilities:US:Chase:Slate                       -31.29 USD
  Expenses:Food:Restaurant                          31.29 USD

2021-04-23 * "Corner Deli" "Buying groceries"
  Liabilities:US:Chase:Slate                       -64.66 USD
  Expenses:Food:Groceries                           64.66 USD

2021-04-25 * "Kin Soy" "Eating out alone"
  Liabilities:US:Chase:Slate                       -37.92 USD
  Expenses:Food:Restaurant                          37.92 USD

2021-04-27 * "Metro Transport Authority" "Tram tickets"
  Liabilities:US:Chase:Slate                      -120.00 USD
  Expenses:Transport:Tram                          120.00 USD

2021-04-28 * "Chichipotle" "Eating out alone"
  Liabilities:US:Chase:Slate                       -36.06 USD
  Expenses:Food:Restaurant                          36.06 USD

2021-05-01 * "Cafe Modagor" "Eating out alone"
  Liabilities:US:Chase:Slate                       -22.62 USD
  Expenses:Food:Restaurant                          22.62 USD

2021-05-03 * "China Garden" "Eating out with Natasha"
  Liabilities:US:Chase:Slate                       -15.71 USD
  Expenses:Food:Restaurant                          15.71 USD

2021-05-05 * "Jewel of Morroco" "Eating out with Bill"
  Liabilities:US:Chase:Slate                       -40.50 USD
  Expenses:Food:Restaurant                          40.50 USD

2021-05-07 * "Rose Flower" "Eating out with work buddies"
  Liabilities:US:Chase:Slate                       -29.45 USD
  Expenses:Food:Restaurant                          29.45 USD

2021-05-09 * "Chase:Slate" "Paying off credit card"
  Liabilities:US:Chase:Slate                       678.14 USD
  Assets:US:BofA:Checking                         -678.14 USD

2021-05-10 balance Liabilities:US:Chase:Slate       32.36 USD

2021-05-10 * "Rose Flower" "Eating out with Bill"
  Liabilities:US:Chase:Slate                       -32.36 USD
  Expenses:Food:Restaurant                          32.36 USD

2021-05-11 * "Corner Deli" "Buying groceries"
  Liabilities:US:Chase:Slate                      -108.77 USD
  Expenses:Food:Groceries                          108.77 USD

2021-05-12 * "Kin Soy" "Eating out with Joe"
  Liabilities:US:Chase:Slate                       -46.00 USD
  Expenses:Food:Restaurant                          46.00 USD

2021-05-13 * "Rose Flower" "Eating out alone"
  Liabilities:US:Chase:Slate                       -30.45 USD
  Expenses:Food:Restaurant                          30.45 USD

2021-05-18 * "Goba Goba" "Eating out with Julie"
  Liabilities:US:Chase:Slate                       -15.32 USD
  Expenses:Food:Restaurant                          15.32 USD

2021-05-21 * "Onion Market" "Buying groceries"
  Liabilities:US:Chase:Slate                       -82.91 USD
  Expenses:Food:Groceries                           82.91 USD

2021-05-23 * "Cafe Modagor" "Eating out after work"
  Liabilities:US:Chase:Slate                       -24.52 USD
  Expenses:Food:Restaurant                          24.52 USD

2021-05-24 * "Chichipotle" "Eating out "
  Liabilities:US:Chase:Slate                       -22.61 USD
  Expenses:Food:Restaurant                          22.61 USD

2021-05-28 * "Metro Transport Authority" "Tram tickets"
  Liabilities:US:Chase:Slate                      -120.00 USD
  Expenses:Transport:Tram                          120.00 USD

2021-05-29 * "Uncle Boons" "Eating out with Joe"
  Liabilities:US:Chase:Slate                       -10.23 USD
  Expenses:Food:Restaurant                          10.23 USD

2021-05-31 balance Liabilities:US:Chase:Slate     -460.81 USD

2021-06-03 * "Chichipotle" "Eating out "
  Liabilities:US:Chase:Slate                       -37.25 USD
  Expenses:Food:Restaurant                          37.25 USD

2021-06-06 * "Onion Market" "Buying groceries"
  Liabilities:US:Chase:Slate                       -61.05 USD
  Expenses:Food:Groceries                           61.05 USD

2021-06-07 * "Chichipotle" "Eating out after work"
  Liabilities:US:Chase:Slate                       -20.24 USD
  Expenses:Food:Restaurant                          20.24 USD

2021-06-09 * "Chase:Slate" "Paying off credit card"
  Liabilities:US:Chase:Slate                       605.33 USD
  Assets:US:BofA:Checking                         -605.33 USD

2021-06-10 * "Uncle Boons" "Eating out with Julie"
  Liabilities:US:Chase:Slate                       -25.98 USD
  Expenses:Food:Restaurant                          25.98 USD

2021-06-14 * "Kin Soy" "Eating out with Julie"
  Liabilities:US:Chase:Slate                       -24.05 USD
  Expenses:Food:Restaurant                          24.05 USD

2021-06-18 * "Uncle Boons" "Eating out with work buddies"
  Liabilities:US:Chase:Slate                       -30.89 USD
  Expenses:Food:Restaurant                          30.89 USD

2021-06-21 * "Jewel of Morroco" "Eating out alone"
  Liabilities:US:Chase:Slate                       -15.94 USD
  Expenses:Food:Restaurant                          15.94 USD

2021-06-22 * "Farmer Fresh" "Buying groceries"
  Liabilities:US:Chase:Slate                      -101.07 USD
  Expenses:Food:Groceries                          101.07 USD

2021-06-25 * "Rose Flower" "Eating out with Natasha"
  Liabilities:US:Chase:Slate                       -30.84 USD
  Expenses:Food:Restaurant                          30.84 USD

2021-06-27 * "Uncle Boons" "Eating out after work"
  Liabilities:US:Chase:Slate                       -17.88 USD
  Expenses:Food:Restaurant                          17.88 USD

2021-06-30 balance Liabilities:US:Chase:Slate     -220.67 USD

2021-06-30 * "China Garden" "Eating out "
  Liabilities:US:Chase:Slate                       -19.97 USD
  Expenses:Food:Restaurant                          19.97 USD

2021-06-30 * "Metro Transport Authority" "Tram tickets"
  Liabilities:US:Chase:Slate                      -120.00 USD
  Expenses:Transport:Tram                          120.00 USD

2021-07-04 * "Cafe Modagor" "Eating out alone"
  Liabilities:US:Chase:Slate                       -19.54 USD
  Expenses:Food:Restaurant                          19.54 USD

2021-07-06 * "Goba Goba" "Eating out with Julie"
  Liabilities:US:Chase:Slate                       -18.07 USD
  Expenses:Food:Restaurant                          18.07 USD

2021-07-07 * "Onion Market" "Buying groceries"
  Liabilities:US:Chase:Slate                      -105.30 USD
  Expenses:Food:Groceries                          105.30 USD

2021-07-08 * "Chase:Slate" "Paying off credit card"
  Liabilities:US:Chase:Slate                       526.43 USD
  Assets:US:BofA:Checking                         -526.43 USD

2021-07-09 * "Kin Soy" "Eating out with Julie"
  Liabilities:US:Chase:Slate                       -22.88 USD
  Expenses:Food:Restaurant                          22.88 USD

2021-07-10 * "Rose Flower" "Eating out alone"
  Liabilities:US:Chase:Slate                       -17.38 USD
  Expenses:Food:Restaurant                          17.38 USD

2021-07-15 * "Kin Soy" "Eating out with work buddies"
  Liabilities:US:Chase:Slate                       -19.06 USD
  Expenses:Food:Restaurant                          19.06 USD

2021-07-19 * "Cafe Modagor" "Eating out with work buddies"
  Liabilities:US:Chase:Slate                       -52.26 USD
  Expenses:Food:Restaurant                          52.26 USD

2021-07-23 * "Corner Deli" "Buying groceries"
  Liabilities:US:Chase:Slate                       -95.64 USD
  Expenses:Food:Groceries                           95.64 USD

2021-07-24 * "Jewel of Morroco" "Eating out after work"
  Liabilities:US:Chase:Slate                       -24.28 USD
  Expenses:Food:Restaurant                          24.28 USD

2021-07-26 event "location" "Chicago"

2021-07-27 * "Star of Siam" "" #trip-chicago-2021
  Liabilities:US:Chase:Slate                       -24.09 USD
  Expenses:Food:Restaurant                          24.09 USD

2021-07-27 * "Mercadito" "" #trip-chicago-2021
  Liabilities:US:Chase:Slate                       -36.57 USD
  Expenses:Food:Restaurant                          36.57 USD

2021-07-27 * "Eataly Chicago" "" #trip-chicago-2021
  Liabilities:US:Chase:Slate                       -38.33 USD
  Expenses:Food:Restaurant                          38.33 USD

2021-07-27 * "Another Sports Pub" "" #trip-chicago-2021
  Liabilities:US:Chase:Slate                       -11.35 USD
  Expenses:Food:Alcohol                             11.35 USD

2021-07-28 balance Liabilities:US:Chase:Slate     -318.96 USD

2021-07-28 * "Star of Siam" "" #trip-chicago-2021
  Liabilities:US:Chase:Slate                       -24.37 USD
  Expenses:Food:Restaurant                          24.37 USD

2021-07-28 * "Eataly Chicago" "" #trip-chicago-2021
  Liabilities:US:Chase:Slate                       -29.18 USD
  Expenses:Food:Restaurant                          29.18 USD

2021-07-29 * "Star of Siam" "" #trip-chicago-2021
  Liabilities:US:Chase:Slate                       -26.26 USD
  Expenses:Food:Restaurant                          26.26 USD

2021-07-29 * "25 Degrees Burger Bar" "" #trip-chicago-2021
  Liabilities:US:Chase:Slate                       -23.14 USD
  Expenses:Food:Restaurant                          23.14 USD

2021-07-29 * "Another Sports Pub" "" #trip-chicago-2021
  Liabilities:US:Chase:Slate                       -10.06 USD
  Expenses:Food:Alcohol                             10.06 USD

2021-08-01 * "Mercadito" "" #trip-chicago-2021
  Liabilities:US:Chase:Slate                       -43.38 USD
  Expenses:Food:Restaurant                          43.38 USD

2021-08-01 * "25 Degrees Burger Bar" "" #trip-chicago-2021
  Liabilities:US:Chase:Slate                       -22.22 USD
  Expenses:Food:Restaurant                          22.22 USD

2021-08-02 * "Eataly Chicago" "" #trip-chicago-2021
  Liabilities:US:Chase:Slate                       -52.92 USD
  Expenses:Food:Restaurant                          52.92 USD

2021-08-03 * "25 Degrees Burger Bar" "" #trip-chicago-2021
  Liabilities:US:Chase:Slate                       -18.94 USD
  Expenses:Food:Restaurant                          18.94 USD

2021-08-03 * "Argo Tea" "" #trip-chicago-2021
  Liabilities:US:Chase:Slate                        -6.56 USD
  Expenses:Food:Coffee                               6.56 USD

2021-08-04 * "Star of Siam" "" #trip-chicago-2021
  Liabilities:US:Chase:Slate                       -23.65 USD
  Expenses:Food:Restaurant                          23.65 USD

2021-08-04 * "25 Degrees Burger Bar" "" #trip-chicago-2021
  Liabilities:US:Chase:Slate                       -23.05 USD
  Expenses:Food:Restaurant                          23.05 USD

2021-08-04 * "Another Sports Pub" "" #trip-chicago-2021
  Liabilities:US:Chase:Slate                       -12.63 USD
  Expenses:Food:Alcohol                             12.63 USD

2021-08-05 * "Star of Siam" "" #trip-chicago-2021
  Liabilities:US:Chase:Slate                       -28.86 USD
  Expenses:Food:Restaurant                          28.86 USD

2021-08-05 * "25 Degrees Burger Bar" "" #trip-chicago-2021
  Liabilities:US:Chase:Slate                       -23.17 USD
  Expenses:Food:Restaurant                          23.17 USD

2021-08-06 * "25 Degrees Burger Bar" "" #trip-chicago-2021
  Liabilities:US:Chase:Slate                       -18.97 USD
  Expenses:Food:Restaurant                          18.97 USD

2021-08-07 * "Star of Siam" "" #trip-chicago-2021
  Liabilities:US:Chase:Slate                       -24.43 USD
  Expenses:Food:Restaurant                          24.43 USD

2021-08-08 * "Star of Siam" "" #trip-chicago-2021
  Liabilities:US:Chase:Slate                       -24.00 USD
  Expenses:Food:Restaurant                          24.00 USD

2021-08-08 * "Eataly Chicago" "" #trip-chicago-2021
  Liabilities:US:Chase:Slate                       -52.48 USD
  Expenses:Food:Restaurant                          52.48 USD

2021-08-08 * "Chase:Slate" "Paying off credit card"
  Liabilities:US:Chase:Slate                       239.58 USD
  Assets:US:BofA:Checking                         -239.58 USD

2021-08-09 * "Mercadito" "" #trip-chicago-2021
  Liabilities:US:Chase:Slate                       -43.66 USD
  Expenses:Food:Restaurant                          43.66 USD

2021-08-09 * "Another Sports Pub" "" #trip-chicago-2021
  Liabilities:US:Chase:Slate                       -14.26 USD
  Expenses:Food:Alcohol                             14.26 USD

2021-08-10 * "25 Degrees Burger Bar" "" #trip-chicago-2021
  Liabilities:US:Chase:Slate                       -23.02 USD
  Expenses:Food:Restaurant                          23.02 USD

2021-08-10 * "Another Sports Pub" "" #trip-chicago-2021
  Liabilities:US:Chase:Slate                       -17.16 USD
  Expenses:Food:Alcohol                             17.16 USD

2021-08-11 * "Uncle Boons" "Eating out with work buddies"
  Liabilities:US:Chase:Slate                       -30.96 USD
  Expenses:Food:Restaurant                          30.96 USD

2021-08-11 * "Eataly Chicago" "" #trip-chicago-2021
  Liabilities:US:Chase:Slate                       -39.88 USD
  Expenses:Food:Restaurant                          39.88 USD

2021-08-11 * "Consume vacation days"
  Assets:US:Babble:Vacation                          -128 VACHR
  Expenses:Vacation                                   128 VACHR

2021-08-11 event "location" "New Metropolis"

2021-08-12 * "Good Moods Market" "Buying groceries"
  Liabilities:US:Chase:Slate                       -74.69 USD
  Expenses:Food:Groceries                           74.69 USD

2021-08-16 * "Kin Soy" "Eating out alone"
  Liabilities:US:Chase:Slate                       -40.52 USD
  Expenses:Food:Restaurant                          40.52 USD

2021-08-17 balance Liabilities:US:Chase:Slate     -851.80 USD

2021-08-18 * "Cafe Modagor" "Eating out alone"
  Liabilities:US:Chase:Slate                       -22.22 USD
  Expenses:Food:Restaurant                          22.22 USD

2021-08-22 * "Kin Soy" "Eating out after work"
  Liabilities:US:Chase:Slate                       -25.24 USD
  Expenses:Food:Restaurant                          25.24 USD

2021-08-25 * "Uncle Boons" "Eating out "
  Liabilities:US:Chase:Slate                       -33.51 USD
  Expenses:Food:Restaurant                          33.51 USD

2021-08-28 * "Goba Goba" "Eating out with Bill"
  Liabilities:US:Chase:Slate                       -29.14 USD
  Expenses:Food:Restaurant                          29.14 USD

2021-08-29 * "Farmer Fresh" "Buying groceries"
  Liabilities:US:Chase:Slate                      -121.51 USD
  Expenses:Food:Groceries                          121.51 USD

2021-08-30 * "Cafe Modagor" "Eating out with Joe"
  Liabilities:US:Chase:Slate                       -27.32 USD
  Expenses:Food:Restaurant                          27.32 USD

2021-09-03 * "Rose Flower" "Eating out after work"
  Liabilities:US:Chase:Slate                       -50.81 USD
  Expenses:Food:Restaurant                          50.81 USD

2021-09-03 * "Metro Transport Authority" "Tram tickets"
  Liabilities:US:Chase:Slate                      -120.00 USD
  Expenses:Transport:Tram                          120.00 USD

2021-09-04 * "Cafe Modagor" "Eating out with Natasha"
  Liabilities:US:Chase:Slate                       -16.35 USD
  Expenses:Food:Restaurant                          16.35 USD

2021-09-07 * "Kin Soy" "Eating out "
  Liabilities:US:Chase:Slate                       -16.68 USD
  Expenses:Food:Restaurant                          16.68 USD

2021-09-09 * "Onion Market" "Buying groceries"
  Liabilities:US:Chase:Slate                       -68.88 USD
  Expenses:Food:Groceries                           68.88 USD

2021-09-10 * "Chase:Slate" "Paying off credit card"
  Liabilities:US:Chase:Slate                       666.18 USD
  Assets:US:BofA:Checking                         -666.18 USD

2021-09-12 * "China Garden" "Eating out with Julie"
  Liabilities:US:Chase:Slate                       -19.31 USD
  Expenses:Food:Restaurant                          19.31 USD

2021-09-15 balance Liabilities:US:Chase:Slate     -736.59 USD

2021-09-15 * "China Garden" "Eating out with Julie"
  Liabilities:US:Chase:Slate                       -68.19 USD
  Expenses:Food:Restaurant                          68.19 USD

2021-09-19 * "Uncle Boons" "Eating out with Joe"
  Liabilities:US:Chase:Slate                       -32.08 USD
  Expenses:Food:Restaurant                          32.08 USD

2021-09-20 * "Chichipotle" "Eating out with work buddies"
  Liabilities:US:Chase:Slate                       -58.19 USD
  Expenses:Food:Restaurant                          58.19 USD

2021-09-21 * "Goba Goba" "Eating out with Bill"
  Liabilities:US:Chase:Slate                       -43.61 USD
  Expenses:Food:Restaurant                          43.61 USD

2021-09-23 * "Onion Market" "Buying groceries"
  Liabilities:US:Chase:Slate                       -85.10 USD
  Expenses:Food:Groceries                           85.10 USD

2021-09-26 * "Chichipotle" "Eating out with work buddies"
  Liabilities:US:Chase:Slate                       -26.35 USD
  Expenses:Food:Restaurant                          26.35 USD

2021-09-28 * "Goba Goba" "Eating out with Joe"
  Liabilities:US:Chase:Slate                       -25.20 USD
  Expenses:Food:Restaurant                          25.20 USD

2021-09-29 * "Good Moods Market" "Buying groceries"
  Liabilities:US:Chase:Slate                       -79.78 USD
  Expenses:Food:Groceries                           79.78 USD

2021-10-01 * "Jewel of Morroco" "Eating out with Joe"
  Liabilities:US:Chase:Slate                       -32.27 USD
  Expenses:Food:Restaurant                          32.27 USD

2021-10-02 * "Metro Transport Authority" "Tram tickets"
  Liabilities:US:Chase:Slate                      -120.00 USD
  Expenses:Transport:Tram                          120.00 USD

2021-10-03 * "Goba Goba" "Eating out with Bill"
  Liabilities:US:Chase:Slate                       -25.96 USD
  Expenses:Food:Restaurant                          25.96 USD

2021-10-06 * "China Garden" "Eating out "
  Liabilities:US:Chase:Slate                       -34.60 USD
  Expenses:Food:Restaurant                          34.60 USD

2021-10-07 balance Liabilities:US:Chase:Slate    -1367.92 USD

2021-10-08 * "Goba Goba" "Eating out with work buddies"
  Liabilities:US:Chase:Slate                       -21.05 USD
  Expenses:Food:Restaurant                          21.05 USD

2021-10-09 * "Kin Soy" "Eating out with Natasha"
  Liabilities:US:Chase:Slate                       -20.42 USD
  Expenses:Food:Restaurant                          20.42 USD

2021-10-11 * "Uncle Boons" "Eating out alone"
  Liabilities:US:Chase:Slate                       -37.74 USD
  Expenses:Food:Restaurant                          37.74 USD

2021-10-11 * "Chase:Slate" "Paying off credit card"
  Liabilities:US:Chase:Slate                       710.54 USD
  Assets:US:BofA:Checking                         -710.54 USD

2021-10-14 * "Farmer Fresh" "Buying groceries"
  Liabilities:US:Chase:Slate                      -126.62 USD
  Expenses:Food:Groceries                          126.62 USD

2021-10-16 * "Goba Goba" "Eating out with Joe"
  Liabilities:US:Chase:Slate                       -50.63 USD
  Expenses:Food:Restaurant                          50.63 USD

2021-10-20 * "Uncle Boons" "Eating out "
  Liabilities:US:Chase:Slate                       -26.77 USD
  Expenses:Food:Restaurant                          26.77 USD

2021-10-23 * "Uncle Boons" "Eating out "
  Liabilities:US:Chase:Slate                       -38.95 USD
  Expenses:Food:Restaurant                          38.95 USD

2021-10-25 * "Chichipotle" "Eating out after work"
  Liabilities:US:Chase:Slate                       -17.44 USD
  Expenses:Food:Restaurant                          17.44 USD

2021-10-26 * "Rose Flower" "Eating out with Joe"
  Liabilities:US:Chase:Slate                       -16.25 USD
  Expenses:Food:Restaurant                          16.25 USD

2021-10-29 balance Liabilities:US:Chase:Slate    -1013.25 USD

2021-10-29 * "Chichipotle" "Eating out with Natasha"
  Liabilities:US:Chase:Slate                       -23.30 USD
  Expenses:Food:Restaurant                          23.30 USD

2021-10-30 * "Chichipotle" "Eating out with work buddies"
  Liabilities:US:Chase:Slate                       -50.42 USD
  Expenses:Food:Restaurant                          50.42 USD

2021-10-30 * "Farmer Fresh" "Buying groceries"
  Liabilities:US:Chase:Slate                       -68.07 USD
  Expenses:Food:Groceries                           68.07 USD

2021-11-02 * "Metro Transport Authority" "Tram tickets"
  Liabilities:US:Chase:Slate                      -120.00 USD
  Expenses:Transport:Tram                          120.00 USD

2021-11-03 * "Goba Goba" "Eating out "
  Liabilities:US:Chase:Slate                       -23.29 USD
  Expenses:Food:Restaurant                          23.29 USD

2021-11-04 * "Jewel of Morroco" "Eating out with Bill"
  Liabilities:US:Chase:Slate                       -39.96 USD
  Expenses:Food:Restaurant                          39.96 USD

2021-11-06 * "Goba Goba" "Eating out with Bill"
  Liabilities:US:Chase:Slate                       -39.37 USD
  Expenses:Food:Restaurant                          39.37 USD

2021-11-07 * "China Garden" "Eating out with Natasha"
  Liabilities:US:Chase:Slate                       -32.45 USD
  Expenses:Food:Restaurant                          32.45 USD

2021-11-07 * "Onion Market" "Buying groceries"
  Liabilities:US:Chase:Slate                       -69.13 USD
  Expenses:Food:Groceries                           69.13 USD

2021-11-08 * "Chase:Slate" "Paying off credit card"
  Liabilities:US:Chase:Slate                       771.11 USD
  Assets:US:BofA:Checking                         -771.11 USD

2021-11-10 * "Kin Soy" "Eating out with Bill"
  Liabilities:US:Chase:Slate                       -28.46 USD
  Expenses:Food:Restaurant                          28.46 USD

2021-11-13 * "Cafe Modagor" "Eating out with Joe"
  Liabilities:US:Chase:Slate                       -32.19 USD
  Expenses:Food:Restaurant                          32.19 USD

2021-11-16 * "Jewel of Morroco" "Eating out with Joe"
  Liabilities:US:Chase:Slate                       -26.22 USD
  Expenses:Food:Restaurant                          26.22 USD

2021-11-17 * "Farmer Fresh" "Buying groceries"
  Liabilities:US:Chase:Slate                      -110.15 USD
  Expenses:Food:Groceries                          110.15 USD

2021-11-19 * "Kin Soy" "Eating out with Natasha"
  Liabilities:US:Chase:Slate                       -57.87 USD
  Expenses:Food:Restaurant                          57.87 USD

2021-11-21 * "Cafe Modagor" "Eating out with work buddies"
  Liabilities:US:Chase:Slate                       -64.15 USD
  Expenses:Food:Restaurant                          64.15 USD

2021-11-23 * "Goba Goba" "Eating out with Natasha"
  Liabilities:US:Chase:Slate                       -19.57 USD
  Expenses:Food:Restaurant                          19.57 USD

2021-11-23 * "Corner Deli" "Buying groceries"
  Liabilities:US:Chase:Slate                       -81.99 USD
  Expenses:Food:Groceries                           81.99 USD

2021-11-25 * "Chichipotle" "Eating out with Natasha"
  Liabilities:US:Chase:Slate                       -22.17 USD
  Expenses:Food:Restaurant                          22.17 USD

2021-11-28 balance Liabilities:US:Chase:Slate    -1150.90 USD

2021-11-29 * "Uncle Boons" "Eating out "
  Liabilities:US:Chase:Slate                       -45.34 USD
  Expenses:Food:Restaurant                          45.34 USD

2021-12-01 * "Metro Transport Authority" "Tram tickets"
  Liabilities:US:Chase:Slate                      -120.00 USD
  Expenses:Transport:Tram                          120.00 USD

2021-12-02 * "Cafe Modagor" "Eating out alone"
  Liabilities:US:Chase:Slate                       -25.38 USD
  Expenses:Food:Restaurant                          25.38 USD

2021-12-04 * "Corner Deli" "Buying groceries"
  Liabilities:US:Chase:Slate                       -75.24 USD
  Expenses:Food:Groceries                           75.24 USD

2021-12-07 * "Chichipotle" "Eating out with Julie"
  Liabilities:US:Chase:Slate                       -34.41 USD
  Expenses:Food:Restaurant                          34.41 USD

2021-12-09 * "Farmer Fresh" "Buying groceries"
  Liabilities:US:Chase:Slate                       -71.17 USD
  Expenses:Food:Groceries                           71.17 USD

2021-12-10 * "Rose Flower" "Eating out with Joe"
  Liabilities:US:Chase:Slate                       -17.65 USD
  Expenses:Food:Restaurant                          17.65 USD

2021-12-10 * "Chase:Slate" "Paying off credit card"
  Liabilities:US:Chase:Slate                       803.50 USD
  Assets:US:BofA:Checking                         -803.50 USD

2021-12-12 * "Cafe Modagor" "Eating out with Bill"
  Liabilities:US:Chase:Slate                       -26.56 USD
  Expenses:Food:Restaurant                          26.56 USD

2021-12-13 * "Jewel of Morroco" "Eating out with work buddies"
  Liabilities:US:Chase:Slate                       -28.93 USD
  Expenses:Food:Restaurant                          28.93 USD

2021-12-16 * "Cafe Modagor" "Eating out "
  Liabilities:US:Chase:Slate                       -23.88 USD
  Expenses:Food:Restaurant                          23.88 USD

2021-12-16 * "Corner Deli" "Buying groceries"
  Liabilities:US:Chase:Slate                       -96.46 USD
  Expenses:Food:Groceries                           96.46 USD

2021-12-17 * "Jewel of Morroco" "Eating out with Bill"
  Liabilities:US:Chase:Slate                       -45.05 USD
  Expenses:Food:Restaurant                          45.05 USD

2021-12-21 * "Kin Soy" "Eating out with work buddies"
  Liabilities:US:Chase:Slate                       -51.96 USD
  Expenses:Food:Restaurant                          51.96 USD

2021-12-24 * "Jewel of Morroco" "Eating out with Julie"
  Liabilities:US:Chase:Slate                       -41.29 USD
  Expenses:Food:Restaurant                          41.29 USD

2021-12-25 balance Liabilities:US:Chase:Slate    -1050.72 USD

2021-12-26 * "Rose Flower" "Eating out with Julie"
  Liabilities:US:Chase:Slate                       -40.57 USD
  Expenses:Food:Restaurant                          40.57 USD

2021-12-29 * "Goba Goba" "Eating out with Joe"
  Liabilities:US:Chase:Slate                       -46.12 USD
  Expenses:Food:Restaurant                          46.12 USD

2021-12-30 * "Chichipotle" "Eating out "
  Liabilities:US:Chase:Slate                       -29.22 USD
  Expenses:Food:Restaurant                          29.22 USD

2021-12-31 * "Uncle Boons" "Eating out alone"
  Liabilities:US:Chase:Slate                       -45.13 USD
  Expenses:Food:Restaurant                          45.13 USD

2022-01-01 * "Good Moods Market" "Buying groceries"
  Liabilities:US:Chase:Slate                       -64.94 USD
  Expenses:Food:Groceries                           64.94 USD

2022-01-03 * "Kin Soy" "Eating out with Natasha"
  Liabilities:US:Chase:Slate                       -52.47 USD
  Expenses:Food:Restaurant                          52.47 USD

2022-01-03 * "Metro Transport Authority" "Tram tickets"
  Liabilities:US:Chase:Slate                      -120.00 USD
  Expenses:Transport:Tram                          120.00 USD

2022-01-04 * "Uncle Boons" "Eating out with Joe"
  Liabilities:US:Chase:Slate                       -25.21 USD
  Expenses:Food:Restaurant                          25.21 USD

2022-01-08 * "Cafe Modagor" "Eating out "
  Liabilities:US:Chase:Slate                       -31.81 USD
  Expenses:Food:Restaurant                          31.81 USD

2022-01-08 * "Onion Market" "Buying groceries"
  Liabilities:US:Chase:Slate                       -43.12 USD
  Expenses:Food:Groceries                           43.12 USD

2022-01-08 * "Chase:Slate" "Paying off credit card"
  Liabilities:US:Chase:Slate                       769.60 USD
  Assets:US:BofA:Checking                         -769.60 USD

2022-01-09 * "Rose Flower" "Eating out after work"
  Liabilities:US:Chase:Slate                       -30.69 USD
  Expenses:Food:Restaurant                          30.69 USD

2022-01-10 * "Uncle Boons" "Eating out with Joe"
  Liabilities:US:Chase:Slate                       -23.00 USD
  Expenses:Food:Restaurant                          23.00 USD

2022-01-11 * "Goba Goba" "Eating out after work"
  Liabilities:US:Chase:Slate                       -25.01 USD
  Expenses:Food:Restaurant                          25.01 USD

2022-01-14 * "Rose Flower" "Eating out with Julie"
  Liabilities:US:Chase:Slate                       -27.99 USD
  Expenses:Food:Restaurant                          27.99 USD

2022-01-15 balance Liabilities:US:Chase:Slate     -886.40 USD

2022-01-16 * "Cafe Modagor" "Eating out with Joe"
  Liabilities:US:Chase:Slate                       -22.49 USD
  Expenses:Food:Restaurant                          22.49 USD

2022-01-18 * "Rose Flower" "Eating out with Julie"
  Liabilities:US:Chase:Slate                       -14.90 USD
  Expenses:Food:Restaurant                          14.90 USD

2022-01-21 * "Rose Flower" "Eating out with Julie"
  Liabilities:US:Chase:Slate                       -14.67 USD
  Expenses:Food:Restaurant                          14.67 USD

2022-01-22 * "Cafe Modagor" "Eating out "
  Liabilities:US:Chase:Slate                       -33.11 USD
  Expenses:Food:Restaurant                          33.11 USD

2022-01-25 * "Jewel of Morroco" "Eating out with Natasha"
  Liabilities:US:Chase:Slate                       -49.43 USD
  Expenses:Food:Restaurant                          49.43 USD

2022-01-27 * "Kin Soy" "Eating out with Joe"
  Liabilities:US:Chase:Slate                       -28.02 USD
  Expenses:Food:Restaurant                          28.02 USD

2022-01-28 * "Onion Market" "Buying groceries"
  Liabilities:US:Chase:Slate                      -110.85 USD
  Expenses:Food:Groceries                          110.85 USD

2022-01-30 * "Kin Soy" "Eating out with work buddies"
  Liabilities:US:Chase:Slate                       -16.49 USD
  Expenses:Food:Restaurant                          16.49 USD

2022-02-01 * "Cafe Modagor" "Eating out with Julie"
  Liabilities:US:Chase:Slate                       -22.47 USD
  Expenses:Food:Restaurant                          22.47 USD

2022-02-03 * "Goba Goba" "Eating out "
  Liabilities:US:Chase:Slate                       -33.52 USD
  Expenses:Food:Restaurant                          33.52 USD

2022-02-04 * "Uncle Boons" "Eating out with work buddies"
  Liabilities:US:Chase:Slate                       -20.15 USD
  Expenses:Food:Restaurant                          20.15 USD

2022-02-05 * "Metro Transport Authority" "Tram tickets"
  Liabilities:US:Chase:Slate                      -120.00 USD
  Expenses:Transport:Tram                          120.00 USD

2022-02-06 * "Kin Soy" "Eating out alone"
  Liabilities:US:Chase:Slate                       -14.76 USD
  Expenses:Food:Restaurant                          14.76 USD

2022-02-08 balance Liabilities:US:Chase:Slate    -1387.26 USD

2022-02-08 * "Chase:Slate" "Paying off credit card"
  Liabilities:US:Chase:Slate                       679.70 USD
  Assets:US:BofA:Checking                         -679.70 USD

2022-02-10 * "Kin Soy" "Eating out alone"
  Liabilities:US:Chase:Slate                       -29.03 USD
  Expenses:Food:Restaurant                          29.03 USD

2022-02-12 * "Good Moods Market" "Buying groceries"
  Liabilities:US:Chase:Slate                       -75.62 USD
  Expenses:Food:Groceries                           75.62 USD

2022-02-15 * "Jewel of Morroco" "Eating out with Julie"
  Liabilities:US:Chase:Slate                       -67.14 USD
  Expenses:Food:Restaurant                          67.14 USD

2022-02-18 * "Rose Flower" "Eating out with Bill"
  Liabilities:US:Chase:Slate                       -29.37 USD
  Expenses:Food:Restaurant                          29.37 USD

2022-02-22 * "Uncle Boons" "Eating out alone"
  Liabilities:US:Chase:Slate                       -51.03 USD
  Expenses:Food:Restaurant                          51.03 USD

2022-02-24 * "Uncle Boons" "Eating out with Bill"
  Liabilities:US:Chase:Slate                       -17.73 USD
  Expenses:Food:Restaurant                          17.73 USD

2022-02-27 * "China Garden" "Eating out with Joe"
  Liabilities:US:Chase:Slate                       -33.40 USD
  Expenses:Food:Restaurant                          33.40 USD

2022-03-03 * "Goba Goba" "Eating out with Joe"
  Liabilities:US:Chase:Slate                       -32.34 USD
  Expenses:Food:Restaurant                          32.34 USD

2022-03-04 * "Good Moods Market" "Buying groceries"
  Liabilities:US:Chase:Slate                      -107.13 USD
  Expenses:Food:Groceries                          107.13 USD

2022-03-06 * "Cafe Modagor" "Eating out with Bill"
  Liabilities:US:Chase:Slate                       -61.30 USD
  Expenses:Food:Restaurant                          61.30 USD

2022-03-07 * "Metro Transport Authority" "Tram tickets"
  Liabilities:US:Chase:Slate                      -120.00 USD
  Expenses:Transport:Tram                          120.00 USD

2022-03-07 * "Chase:Slate" "Paying off credit card"
  Liabilities:US:Chase:Slate                       595.06 USD
  Assets:US:BofA:Checking                         -595.06 USD

2022-03-09 balance Liabilities:US:Chase:Slate     -736.59 USD

2022-03-09 * "Jewel of Morroco" "Eating out "
  Liabilities:US:Chase:Slate                       -15.33 USD
  Expenses:Food:Restaurant                          15.33 USD

2022-03-14 * "Goba Goba" "Eating out with Bill"
  Liabilities:US:Chase:Slate                       -59.93 USD
  Expenses:Food:Restaurant                          59.93 USD

2022-03-15 * "Goba Goba" "Eating out alone"
  Liabilities:US:Chase:Slate                       -14.81 USD
  Expenses:Food:Restaurant                          14.81 USD

2022-03-16 * "Cafe Modagor" "Eating out with Julie"
  Liabilities:US:Chase:Slate                       -55.36 USD
  Expenses:Food:Restaurant                          55.36 USD

2022-03-20 * "Cafe Modagor" "Eating out with work buddies"
  Liabilities:US:Chase:Slate                       -28.32 USD
  Expenses:Food:Restaurant                          28.32 USD

2022-03-20 * "Good Moods Market" "Buying groceries"
  Liabilities:US:Chase:Slate                       -68.02 USD
  Expenses:Food:Groceries                           68.02 USD

2022-03-21 * "Rose Flower" "Eating out "
  Liabilities:US:Chase:Slate                       -30.65 USD
  Expenses:Food:Restaurant                          30.65 USD

2022-03-23 * "Rose Flower" "Eating out with work buddies"
  Liabilities:US:Chase:Slate                       -38.12 USD
  Expenses:Food:Restaurant                          38.12 USD

2022-03-24 * "Goba Goba" "Eating out with Bill"
  Liabilities:US:Chase:Slate                       -70.19 USD
  Expenses:Food:Restaurant                          70.19 USD

2022-03-26 * "Uncle Boons" "Eating out alone"
  Liabilities:US:Chase:Slate                       -48.15 USD
  Expenses:Food:Restaurant                          48.15 USD

2022-03-28 * "Rose Flower" "Eating out with work buddies"
  Liabilities:US:Chase:Slate                       -20.66 USD
  Expenses:Food:Restaurant                          20.66 USD

2022-04-01 * "Goba Goba" "Eating out alone"
  Liabilities:US:Chase:Slate                       -16.25 USD
  Expenses:Food:Restaurant                          16.25 USD

2022-04-02 balance Liabilities:US:Chase:Slate    -1202.38 USD

2022-04-03 * "Rose Flower" "Eating out alone"
  Liabilities:US:Chase:Slate                       -43.32 USD
  Expenses:Food:Restaurant                          43.32 USD

2022-04-06 * "Farmer Fresh" "Buying groceries"
  Liabilities:US:Chase:Slate                       -56.69 USD
  Expenses:Food:Groceries                           56.69 USD

2022-04-08 * "Uncle Boons" "Eating out with Natasha"
  Liabilities:US:Chase:Slate                       -28.02 USD
  Expenses:Food:Restaurant                          28.02 USD

2022-04-08 * "Metro Transport Authority" "Tram tickets"
  Liabilities:US:Chase:Slate                      -120.00 USD
  Expenses:Transport:Tram                          120.00 USD

2022-04-08 * "Chase:Slate" "Paying off credit card"
  Liabilities:US:Chase:Slate                       593.82 USD
  Assets:US:BofA:Checking                         -593.82 USD

2022-04-12 * "Cafe Modagor" "Eating out with work buddies"
  Liabilities:US:Chase:Slate                       -12.08 USD
  Expenses:Food:Restaurant                          12.08 USD

2022-04-14 * "Goba Goba" "Eating out with Bill"
  Liabilities:US:Chase:Slate                       -31.13 USD
  Expenses:Food:Restaurant                          31.13 USD

2022-04-18 * "Goba Goba" "Eating out after work"
  Liabilities:US:Chase:Slate                       -27.77 USD
  Expenses:Food:Restaurant                          27.77 USD

2022-04-21 * "Jewel of Morroco" "Eating out with work buddies"
  Liabilities:US:Chase:Slate                       -34.32 USD
  Expenses:Food:Restaurant                          34.32 USD

2022-04-24 * "Kin Soy" "Eating out "
  Liabilities:US:Chase:Slate                       -29.28 USD
  Expenses:Food:Restaurant                          29.28 USD

2022-04-24 * "Good Moods Market" "Buying groceries"
  Liabilities:US:Chase:Slate                       -36.36 USD
  Expenses:Food:Groceries                           36.36 USD

2022-04-28 * "Uncle Boons" "Eating out with Bill"
  Liabilities:US:Chase:Slate                       -40.25 USD
  Expenses:Food:Restaurant                          40.25 USD

2022-04-29 * "Chichipotle" "Eating out after work"
  Liabilities:US:Chase:Slate                       -31.84 USD
  Expenses:Food:Restaurant                          31.84 USD

2022-04-30 * "Cafe Modagor" "Eating out with Joe"
  Liabilities:US:Chase:Slate                       -38.07 USD
  Expenses:Food:Restaurant                          38.07 USD

2022-05-02 balance Liabilities:US:Chase:Slate    -1137.69 USD

2022-05-02 * "Uncle Boons" "Eating out with Bill"
  Liabilities:US:Chase:Slate                       -20.03 USD
  Expenses:Food:Restaurant                          20.03 USD

2022-05-05 * "Good Moods Market" "Buying groceries"
  Liabilities:US:Chase:Slate                      -102.44 USD
  Expenses:Food:Groceries                          102.44 USD

2022-05-06 * "Jewel of Morroco" "Eating out "
  Liabilities:US:Chase:Slate                       -28.11 USD
  Expenses:Food:Restaurant                          28.11 USD

2022-05-08 * "Chase:Slate" "Paying off credit card"
  Liabilities:US:Chase:Slate                       572.26 USD
  Assets:US:BofA:Checking                         -572.26 USD

2022-05-10 * "Cafe Modagor" "Eating out "
  Liabilities:US:Chase:Slate                       -20.58 USD
  Expenses:Food:Restaurant                          20.58 USD

2022-05-10 * "Metro Transport Authority" "Tram tickets"
  Liabilities:US:Chase:Slate                      -120.00 USD
  Expenses:Transport:Tram                          120.00 USD

2022-05-11 * "Onion Market" "Buying groceries"
  Liabilities:US:Chase:Slate                       -48.58 USD
  Expenses:Food:Groceries                           48.58 USD

2022-05-13 * "Rose Flower" "Eating out with Bill"
  Liabilities:US:Chase:Slate                       -34.79 USD
  Expenses:Food:Restaurant                          34.79 USD

2022-05-15 * "Chichipotle" "Eating out with Natasha"
  Liabilities:US:Chase:Slate                       -28.36 USD
  Expenses:Food:Restaurant                          28.36 USD

2022-05-18 * "Kin Soy" "Eating out alone"
  Liabilities:US:Chase:Slate                       -29.10 USD
  Expenses:Food:Restaurant                          29.10 USD

2022-05-20 * "Good Moods Market" "Buying groceries"
  Liabilities:US:Chase:Slate                       -61.81 USD
  Expenses:Food:Groceries                           61.81 USD

2022-05-23 * "Jewel of Morroco" "Eating out "
  Liabilities:US:Chase:Slate                       -51.17 USD
  Expenses:Food:Restaurant                          51.17 USD

2022-05-24 balance Liabilities:US:Chase:Slate    -1110.40 USD

2022-05-27 * "Chichipotle" "Eating out with Joe"
  Liabilities:US:Chase:Slate                       -28.06 USD
  Expenses:Food:Restaurant                          28.06 USD

2022-05-30 * "Cafe Modagor" "Eating out with work buddies"
  Liabilities:US:Chase:Slate                       -28.61 USD
  Expenses:Food:Restaurant                          28.61 USD

2022-06-02 * "Corner Deli" "Buying groceries"
  Liabilities:US:Chase:Slate                       -42.91 USD
  Expenses:Food:Groceries                           42.91 USD

2022-06-04 * "Goba Goba" "Eating out "
  Liabilities:US:Chase:Slate                       -18.35 USD
  Expenses:Food:Restaurant                          18.35 USD

2022-06-05 * "Goba Goba" "Eating out "
  Liabilities:US:Chase:Slate                       -51.32 USD
  Expenses:Food:Restaurant                          51.32 USD

2022-06-06 * "Metro Transport Authority" "Tram tickets"
  Liabilities:US:Chase:Slate                      -120.00 USD
  Expenses:Transport:Tram                          120.00 USD

2022-06-07 * "Uncle Boons" "Eating out "
  Liabilities:US:Chase:Slate                       -17.76 USD
  Expenses:Food:Restaurant                          17.76 USD

2022-06-09 * "Cafe Modagor" "Eating out with Natasha"
  Liabilities:US:Chase:Slate                       -23.06 USD
  Expenses:Food:Restaurant                          23.06 USD

2022-06-09 * "Chase:Slate" "Paying off credit card"
  Liabilities:US:Chase:Slate                       703.88 USD
  Assets:US:BofA:Checking                         -703.88 USD

2022-06-10 * "Rose Flower" "Eating out with Natasha"
  Liabilities:US:Chase:Slate                       -35.32 USD
  Expenses:Food:Restaurant                          35.32 USD

2022-06-15 * "Cafe Modagor" "Eating out alone"
  Liabilities:US:Chase:Slate                       -28.04 USD
  Expenses:Food:Restaurant                          28.04 USD

2022-06-15 * "Good Moods Market" "Buying groceries"
  Liabilities:US:Chase:Slate                       -69.83 USD
  Expenses:Food:Groceries                           69.83 USD

2022-06-18 * "Chichipotle" "Eating out with Natasha"
  Liabilities:US:Chase:Slate                       -15.33 USD
  Expenses:Food:Restaurant                          15.33 USD

2022-06-20 balance Liabilities:US:Chase:Slate     -885.11 USD

2022-06-22 * "Jewel of Morroco" "Eating out alone"
  Liabilities:US:Chase:Slate                       -14.14 USD
  Expenses:Food:Restaurant                          14.14 USD

2022-06-27 * "Kin Soy" "Eating out with Natasha"
  Liabilities:US:Chase:Slate                       -54.17 USD
  Expenses:Food:Restaurant                          54.17 USD

2022-07-01 * "Rose Flower" "Eating out after work"
  Liabilities:US:Chase:Slate                       -22.47 USD
  Expenses:Food:Restaurant                          22.47 USD

2022-07-02 * "Corner Deli" "Buying groceries"
  Liabilities:US:Chase:Slate                       -65.71 USD
  Expenses:Food:Groceries                           65.71 USD

2022-07-05 * "Uncle Boons" "Eating out "
  Liabilities:US:Chase:Slate                       -24.47 USD
  Expenses:Food:Restaurant                          24.47 USD

2022-07-07 * "Chase:Slate" "Paying off credit card"
  Liabilities:US:Chase:Slate                       362.92 USD
  Assets:US:BofA:Checking                         -362.92 USD

2022-07-08 * "Goba Goba" "Eating out alone"
  Liabilities:US:Chase:Slate                       -33.44 USD
  Expenses:Food:Restaurant                          33.44 USD

2022-07-08 * "Metro Transport Authority" "Tram tickets"
  Liabilities:US:Chase:Slate                      -120.00 USD
  Expenses:Transport:Tram                          120.00 USD

2022-07-09 * "Goba Goba" "Eating out with Bill"
  Liabilities:US:Chase:Slate                       -58.78 USD
  Expenses:Food:Restaurant                          58.78 USD

2022-07-11 * "Goba Goba" "Eating out after work"
  Liabilities:US:Chase:Slate                       -16.02 USD
  Expenses:Food:Restaurant                          16.02 USD

2022-07-15 * "Cafe Modagor" "Eating out with Julie"
  Liabilities:US:Chase:Slate                       -27.23 USD
  Expenses:Food:Restaurant                          27.23 USD

2022-07-16 * "Farmer Fresh" "Buying groceries"
  Liabilities:US:Chase:Slate                      -100.51 USD
  Expenses:Food:Groceries                          100.51 USD

2022-07-17 balance Liabilities:US:Chase:Slate    -1059.13 USD

2022-07-17 * "Cafe Modagor" "Eating out alone"
  Liabilities:US:Chase:Slate                       -11.92 USD
  Expenses:Food:Restaurant                          11.92 USD

2022-07-18 * "Cafe Modagor" "Eating out after work"
  Liabilities:US:Chase:Slate                       -33.18 USD
  Expenses:Food:Restaurant                          33.18 USD

2022-07-22 * "Kin Soy" "Eating out with Julie"
  Liabilities:US:Chase:Slate                       -43.67 USD
  Expenses:Food:Restaurant                          43.67 USD

2022-07-26 * "Chichipotle" "Eating out after work"
  Liabilities:US:Chase:Slate                       -26.94 USD
  Expenses:Food:Restaurant                          26.94 USD

2022-07-30 event "location" "Los Angeles"

2022-07-31 * "Banana Leaf" "" #trip-los-angeles-2022
  Liabilities:US:Chase:Slate                       -20.02 USD
  Expenses:Food:Restaurant                          20.02 USD

2022-07-31 * "Dupar's" "" #trip-los-angeles-2022
  Liabilities:US:Chase:Slate                       -23.85 USD
  Expenses:Food:Restaurant                          23.85 USD

2022-07-31 * "Pampas Grill" "" #trip-los-angeles-2022
  Liabilities:US:Chase:Slate                       -23.81 USD
  Expenses:Food:Restaurant                          23.81 USD

2022-08-01 * "Chipotle" "" #trip-los-angeles-2022
  Liabilities:US:Chase:Slate                       -17.41 USD
  Expenses:Food:Restaurant                          17.41 USD

2022-08-01 * "Starbucks" "" #trip-los-angeles-2022
  Liabilities:US:Chase:Slate                        -6.30 USD
  Expenses:Food:Coffee                               6.30 USD

2022-08-02 * "Starbucks" "" #trip-los-angeles-2022
  Liabilities:US:Chase:Slate                        -6.34 USD
  Expenses:Food:Coffee                               6.34 USD

2022-08-03 * "Mr. Marcel" "" #trip-los-angeles-2022
  Liabilities:US:Chase:Slate                       -55.19 USD
  Expenses:Food:Restaurant                          55.19 USD

2022-08-04 * "Banana Leaf" "" #trip-los-angeles-2022
  Liabilities:US:Chase:Slate                       -27.62 USD
  Expenses:Food:Restaurant                          27.62 USD

2022-08-04 * "E.B.'s Beer and Wine" "" #trip-los-angeles-2022
  Liabilities:US:Chase:Slate                        -9.77 USD
  Expenses:Food:Alcohol                              9.77 USD

2022-08-05 * "Banana Leaf" "" #trip-los-angeles-2022
  Liabilities:US:Chase:Slate                       -25.21 USD
  Expenses:Food:Restaurant                          25.21 USD

2022-08-05 * "Dupar's" "" #trip-los-angeles-2022
  Liabilities:US:Chase:Slate                       -26.80 USD
  Expenses:Food:Restaurant                          26.80 USD

2022-08-05 * "E.B.'s Beer and Wine" "" #trip-los-angeles-2022
  Liabilities:US:Chase:Slate                       -10.90 USD
  Expenses:Food:Alcohol                             10.90 USD

2022-08-06 * "Starbucks" "" #trip-los-angeles-2022
  Liabilities:US:Chase:Slate                        -6.10 USD
  Expenses:Food:Coffee                               6.10 USD

2022-08-07 * "Banana Leaf" "" #trip-los-angeles-2022
  Liabilities:US:Chase:Slate                       -27.71 USD
  Expenses:Food:Restaurant                          27.71 USD

2022-08-07 * "Dupar's" "" #trip-los-angeles-2022
  Liabilities:US:Chase:Slate                       -34.24 USD
  Expenses:Food:Restaurant                          34.24 USD

2022-08-07 * "Chipotle" "" #trip-los-angeles-2022
  Liabilities:US:Chase:Slate                       -17.03 USD
  Expenses:Food:Restaurant                          17.03 USD

2022-08-07 * "E.B.'s Beer and Wine" "" #trip-los-angeles-2022
  Liabilities:US:Chase:Slate                        -7.14 USD
  Expenses:Food:Alcohol                              7.14 USD

2022-08-08 * "Pampas Grill" "" #trip-los-angeles-2022
  Liabilities:US:Chase:Slate                       -28.66 USD
  Expenses:Food:Restaurant                          28.66 USD

2022-08-08 * "Starbucks" "" #trip-los-angeles-2022
  Liabilities:US:Chase:Slate                        -6.56 USD
  Expenses:Food:Coffee                               6.56 USD

2022-08-09 * "Mr. Marcel" "" #trip-los-angeles-2022
  Liabilities:US:Chase:Slate                       -32.13 USD
  Expenses:Food:Restaurant                          32.13 USD

2022-08-09 * "Banana Leaf" "" #trip-los-angeles-2022
  Liabilities:US:Chase:Slate                       -26.67 USD
  Expenses:Food:Restaurant                          26.67 USD

2022-08-09 * "Dupar's" "" #trip-los-angeles-2022
  Liabilities:US:Chase:Slate                       -33.61 USD
  Expenses:Food:Restaurant                          33.61 USD

2022-08-09 * "E.B.'s Beer and Wine" "" #trip-los-angeles-2022
  Liabilities:US:Chase:Slate                        -8.73 USD
  Expenses:Food:Alcohol                              8.73 USD

2022-08-10 * "Starbucks" "" #trip-los-angeles-2022
  Liabilities:US:Chase:Slate                        -6.57 USD
  Expenses:Food:Coffee                               6.57 USD

2022-08-11 * "Mr. Marcel" "" #trip-los-angeles-2022
  Liabilities:US:Chase:Slate                       -36.39 USD
  Expenses:Food:Restaurant                          36.39 USD

2022-08-11 * "Banana Leaf" "" #trip-los-angeles-2022
  Liabilities:US:Chase:Slate                       -26.24 USD
  Expenses:Food:Restaurant                          26.24 USD

2022-08-11 * "Dupar's" "" #trip-los-angeles-2022
  Liabilities:US:Chase:Slate                       -28.23 USD
  Expenses:Food:Restaurant                          28.23 USD

2022-08-11 * "E.B.'s Beer and Wine" "" #trip-los-angeles-2022
  Liabilities:US:Chase:Slate                        -9.13 USD
  Expenses:Food:Alcohol                              9.13 USD

2022-08-11 * "Chase:Slate" "Paying off credit card"
  Liabilities:US:Chase:Slate                       473.52 USD
  Assets:US:BofA:Checking                         -473.52 USD

2022-08-13 balance Liabilities:US:Chase:Slate    -1289.68 USD

2022-08-13 * "Chipotle" "" #trip-los-angeles-2022
  Liabilities:US:Chase:Slate                       -18.23 USD
  Expenses:Food:Restaurant                          18.23 USD

2022-08-14 * "Banana Leaf" "" #trip-los-angeles-2022
  Liabilities:US:Chase:Slate                       -33.11 USD
  Expenses:Food:Restaurant                          33.11 USD

2022-08-14 * "Pampas Grill" "" #trip-los-angeles-2022
  Liabilities:US:Chase:Slate                       -24.89 USD
  Expenses:Food:Restaurant                          24.89 USD

2022-08-14 * "E.B.'s Beer and Wine" "" #trip-los-angeles-2022
  Liabilities:US:Chase:Slate                        -8.90 USD
  Expenses:Food:Alcohol                              8.90 USD

2022-08-15 * "Banana Leaf" "" #trip-los-angeles-2022
  Liabilities:US:Chase:Slate                       -27.17 USD
  Expenses:Food:Restaurant                          27.17 USD

2022-08-16 * "Mr. Marcel" "" #trip-los-angeles-2022
  Liabilities:US:Chase:Slate                       -62.87 USD
  Expenses:Food:Restaurant                          62.87 USD

2022-08-16 * "Dupar's" "" #trip-los-angeles-2022
  Liabilities:US:Chase:Slate                       -36.95 USD
  Expenses:Food:Restaurant                          36.95 USD

2022-08-16 * "Pampas Grill" "" #trip-los-angeles-2022
  Liabilities:US:Chase:Slate                       -28.13 USD
  Expenses:Food:Restaurant                          28.13 USD

2022-08-16 * "Starbucks" "" #trip-los-angeles-2022
  Liabilities:US:Chase:Slate                        -6.60 USD
  Expenses:Food:Coffee                               6.60 USD

2022-08-17 * "Dupar's" "" #trip-los-angeles-2022
  Liabilities:US:Chase:Slate                       -24.50 USD
  Expenses:Food:Restaurant                          24.50 USD

2022-08-17 * "Chipotle" "" #trip-los-angeles-2022
  Liabilities:US:Chase:Slate                       -14.35 USD
  Expenses:Food:Restaurant                          14.35 USD

2022-08-18 * "Pampas Grill" "" #trip-los-angeles-2022
  Liabilities:US:Chase:Slate                       -22.79 USD
  Expenses:Food:Restaurant                          22.79 USD

2022-08-18 * "Chipotle" "" #trip-los-angeles-2022
  Liabilities:US:Chase:Slate                       -17.12 USD
  Expenses:Food:Restaurant                          17.12 USD

2022-08-18 * "E.B.'s Beer and Wine" "" #trip-los-angeles-2022
  Liabilities:US:Chase:Slate                        -8.99 USD
  Expenses:Food:Alcohol                              8.99 USD

2022-08-19 * "Mr. Marcel" "" #trip-los-angeles-2022
  Liabilities:US:Chase:Slate                       -39.86 USD
  Expenses:Food:Restaurant                          39.86 USD

2022-08-19 * "Banana Leaf" "" #trip-los-angeles-2022
  Liabilities:US:Chase:Slate                       -18.71 USD
  Expenses:Food:Restaurant                          18.71 USD

2022-08-19 * "Dupar's" "" #trip-los-angeles-2022
  Liabilities:US:Chase:Slate                       -31.50 USD
  Expenses:Food:Restaurant                          31.50 USD

2022-08-19 * "E.B.'s Beer and Wine" "" #trip-los-angeles-2022
  Liabilities:US:Chase:Slate                        -8.14 USD
  Expenses:Food:Alcohol                              8.14 USD

2022-08-20 * "Chipotle" "" #trip-los-angeles-2022
  Liabilities:US:Chase:Slate                       -17.70 USD
  Expenses:Food:Restaurant                          17.70 USD

2022-08-20 * "E.B.'s Beer and Wine" "" #trip-los-angeles-2022
  Liabilities:US:Chase:Slate                        -8.67 USD
  Expenses:Food:Alcohol                              8.67 USD

2022-08-21 * "Goba Goba" "Eating out with Julie"
  Liabilities:US:Chase:Slate                       -35.27 USD
  Expenses:Food:Restaurant                          35.27 USD

2022-08-21 * "Consume vacation days"
  Assets:US:Babble:Vacation                          -176 VACHR
  Expenses:Vacation                                   176 VACHR

2022-08-21 event "location" "New Metropolis"

2022-08-23 * "Farmer Fresh" "Buying groceries"
  Liabilities:US:Chase:Slate                      -108.41 USD
  Expenses:Food:Groceries                          108.41 USD

2022-08-26 * "Jewel of Morroco" "Eating out with Julie"
  Liabilities:US:Chase:Slate                       -23.07 USD
  Expenses:Food:Restaurant                          23.07 USD

2022-08-28 * "Good Moods Market" "Buying groceries"
  Liabilities:US:Chase:Slate                       -87.81 USD
  Expenses:Food:Groceries                           87.81 USD

2022-08-31 * "Kin Soy" "Eating out with work buddies"
  Liabilities:US:Chase:Slate                       -14.66 USD
  Expenses:Food:Restaurant                          14.66 USD

2022-09-02 balance Liabilities:US:Chase:Slate    -2018.08 USD

2022-09-02 * "Uncle Boons" "Eating out with work buddies"
  Liabilities:US:Chase:Slate                       -32.39 USD
  Expenses:Food:Restaurant                          32.39 USD

2022-09-03 * "Cafe Modagor" "Eating out with Bill"
  Liabilities:US:Chase:Slate                       -23.47 USD
  Expenses:Food:Restaurant                          23.47 USD

2022-09-06 * "Rose Flower" "Eating out "
  Liabilities:US:Chase:Slate                       -33.71 USD
  Expenses:Food:Restaurant                          33.71 USD

2022-09-07 * "Metro Transport Authority" "Tram tickets"
  Liabilities:US:Chase:Slate                      -120.00 USD
  Expenses:Transport:Tram                          120.00 USD

2022-09-10 * "Cafe Modagor" "Eating out with Julie"
  Liabilities:US:Chase:Slate                       -32.46 USD
  Expenses:Food:Restaurant                          32.46 USD

2022-09-10 * "Chase:Slate" "Paying off credit card"
  Liabilities:US:Chase:Slate                       475.98 USD
  Assets:US:BofA:Checking                         -475.98 USD

2022-09-12 * "Corner Deli" "Buying groceries"
  Liabilities:US:Chase:Slate                       -98.59 USD
  Expenses:Food:Groceries                           98.59 USD

2022-09-13 * "Rose Flower" "Eating out with Natasha"
  Liabilities:US:Chase:Slate                       -29.26 USD
  Expenses:Food:Restaurant                          29.26 USD

2022-09-15 * "Jewel of Morroco" "Eating out with Natasha"
  Liabilities:US:Chase:Slate                       -43.44 USD
  Expenses:Food:Restaurant                          43.44 USD

2022-09-16 * "Cafe Modagor" "Eating out with work buddies"
  Liabilities:US:Chase:Slate                       -31.29 USD
  Expenses:Food:Restaurant                          31.29 USD

2022-09-21 * "Cafe Modagor" "Eating out with Joe"
  Liabilities:US:Chase:Slate                       -15.05 USD
  Expenses:Food:Restaurant                          15.05 USD

2022-09-23 * "Goba Goba" "Eating out after work"
  Liabilities:US:Chase:Slate                       -25.46 USD
  Expenses:Food:Restaurant                          25.46 USD

2022-09-25 * "Uncle Boons" "Eating out with Julie"
  Liabilities:US:Chase:Slate                       -39.91 USD
  Expenses:Food:Restaurant                          39.91 USD

2022-09-26 * "Onion Market" "Buying groceries"
  Liabilities:US:Chase:Slate                       -67.49 USD
  Expenses:Food:Groceries                           67.49 USD

2022-09-28 balance Liabilities:US:Chase:Slate    -2134.62 USD

2022-09-30 * "Chichipotle" "Eating out with Natasha"
  Liabilities:US:Chase:Slate                       -27.72 USD
  Expenses:Food:Restaurant                          27.72 USD

2022-10-03 * "China Garden" "Eating out with work buddies"
  Liabilities:US:Chase:Slate                       -34.59 USD
  Expenses:Food:Restaurant                          34.59 USD

2022-10-05 * "Cafe Modagor" "Eating out with Natasha"
  Liabilities:US:Chase:Slate                       -28.81 USD
  Expenses:Food:Restaurant                          28.81 USD

2022-10-07 * "Kin Soy" "Eating out with work buddies"
  Liabilities:US:Chase:Slate                       -33.86 USD
  Expenses:Food:Restaurant                          33.86 USD

2022-10-07 * "Chase:Slate" "Paying off credit card"
  Liabilities:US:Chase:Slate                       475.47 USD
  Assets:US:BofA:Checking                         -475.47 USD

2022-10-08 * "Good Moods Market" "Buying groceries"
  Liabilities:US:Chase:Slate                       -88.65 USD
  Expenses:Food:Groceries                           88.65 USD

2022-10-09 * "Metro Transport Authority" "Tram tickets"
  Liabilities:US:Chase:Slate                      -120.00 USD
  Expenses:Transport:Tram                          120.00 USD

2022-10-10 * "China Garden" "Eating out with Natasha"
  Liabilities:US:Chase:Slate                       -32.62 USD
  Expenses:Food:Restaurant                          32.62 USD

2022-10-12 * "Chichipotle" "Eating out with Julie"
  Liabilities:US:Chase:Slate                       -30.13 USD
  Expenses:Food:Restaurant                          30.13 USD

2022-10-13 * "Uncle Boons" "Eating out alone"
  Liabilities:US:Chase:Slate                       -76.49 USD
  Expenses:Food:Restaurant                          76.49 USD

2022-10-17 * "Jewel of Morroco" "Eating out alone"
  Liabilities:US:Chase:Slate                       -19.30 USD
  Expenses:Food:Restaurant                          19.30 USD

2022-10-18 balance Liabilities:US:Chase:Slate    -2151.32 USD

2022-10-20 * "Jewel of Morroco" "Eating out with Joe"
  Liabilities:US:Chase:Slate                       -32.53 USD
  Expenses:Food:Restaurant                          32.53 USD

2022-10-24 * "Goba Goba" "Eating out alone"
  Liabilities:US:Chase:Slate                       -26.95 USD
  Expenses:Food:Restaurant                          26.95 USD

2022-10-25 * "Corner Deli" "Buying groceries"
  Liabilities:US:Chase:Slate                       -59.94 USD
  Expenses:Food:Groceries                           59.94 USD

2022-10-29 * "Kin Soy" "Eating out with Natasha"
  Liabilities:US:Chase:Slate                       -30.48 USD
  Expenses:Food:Restaurant                          30.48 USD

2022-10-30 * "China Garden" "Eating out with Julie"
  Liabilities:US:Chase:Slate                       -58.91 USD
  Expenses:Food:Restaurant                          58.91 USD

2022-11-02 * "China Garden" "Eating out alone"
  Liabilities:US:Chase:Slate                       -41.12 USD
  Expenses:Food:Restaurant                          41.12 USD

2022-11-07 * "Jewel of Morroco" "Eating out with work buddies"
  Liabilities:US:Chase:Slate                       -21.06 USD
  Expenses:Food:Restaurant                          21.06 USD

2022-11-07 * "Metro Transport Authority" "Tram tickets"
  Liabilities:US:Chase:Slate                      -120.00 USD
  Expenses:Transport:Tram                          120.00 USD

2022-11-08 * "Rose Flower" "Eating out with Julie"
  Liabilities:US:Chase:Slate                       -63.49 USD
  Expenses:Food:Restaurant                          63.49 USD

2022-11-10 * "Chase:Slate" "Paying off credit card"
  Liabilities:US:Chase:Slate                       846.92 USD
  Assets:US:BofA:Checking                         -846.92 USD

2022-11-12 * "Chichipotle" "Eating out alone"
  Liabilities:US:Chase:Slate                       -25.25 USD
  Expenses:Food:Restaurant                          25.25 USD

2022-11-14 balance Liabilities:US:Chase:Slate    -1784.13 USD

2022-11-14 * "Good Moods Market" "Buying groceries"
  Liabilities:US:Chase:Slate                       -66.20 USD
  Expenses:Food:Groceries                           66.20 USD

2022-11-16 * "Jewel of Morroco" "Eating out "
  Liabilities:US:Chase:Slate                       -23.30 USD
  Expenses:Food:Restaurant                          23.30 USD

2022-11-21 * "Chichipotle" "Eating out "
  Liabilities:US:Chase:Slate                       -16.71 USD
  Expenses:Food:Restaurant                          16.71 USD

2022-11-22 * "China Garden" "Eating out with Natasha"
  Liabilities:US:Chase:Slate                       -27.05 USD
  Expenses:Food:Restaurant                          27.05 USD

2022-11-27 * "China Garden" "Eating out with Julie"
  Liabilities:US:Chase:Slate                       -17.01 USD
  Expenses:Food:Restaurant                          17.01 USD

2022-12-01 * "Cafe Modagor" "Eating out "
  Liabilities:US:Chase:Slate                       -34.70 USD
  Expenses:Food:Restaurant                          34.70 USD

2022-12-03 * "Goba Goba" "Eating out with Joe"
  Liabilities:US:Chase:Slate                       -32.01 USD
  Expenses:Food:Restaurant                          32.01 USD

2022-12-04 * "Kin Soy" "Eating out "
  Liabilities:US:Chase:Slate                       -34.52 USD
  Expenses:Food:Restaurant                          34.52 USD

2022-12-04 * "Onion Market" "Buying groceries"
  Liabilities:US:Chase:Slate                       -71.84 USD
  Expenses:Food:Groceries                           71.84 USD

2022-12-07 * "Jewel of Morroco" "Eating out with Natasha"
  Liabilities:US:Chase:Slate                       -38.67 USD
  Expenses:Food:Restaurant                          38.67 USD

2022-12-07 * "Chase:Slate" "Paying off credit card"
  Liabilities:US:Chase:Slate                       362.01 USD
  Assets:US:BofA:Checking                         -362.01 USD

2022-12-09 balance Liabilities:US:Chase:Slate    -1784.13 USD

2022-12-10 * "Metro Transport Authority" "Tram tickets"
  Liabilities:US:Chase:Slate                      -120.00 USD
  Expenses:Transport:Tram                          120.00 USD

2022-12-12 * "China Garden" "Eating out with work buddies"
  Liabilities:US:Chase:Slate                       -28.53 USD
  Expenses:Food:Restaurant                          28.53 USD

2022-12-15 * "Cafe Modagor" "Eating out alone"
  Liabilities:US:Chase:Slate                       -26.23 USD
  Expenses:Food:Restaurant                          26.23 USD

2022-12-20 * "Goba Goba" "Eating out with Julie"
  Liabilities:US:Chase:Slate                       -26.77 USD
  Expenses:Food:Restaurant                          26.77 USD

2022-12-20 * "Good Moods Market" "Buying groceries"
  Liabilities:US:Chase:Slate                       -81.76 USD
  Expenses:Food:Groceries                           81.76 USD

2022-12-23 * "Chichipotle" "Eating out with Bill"
  Liabilities:US:Chase:Slate                       -43.60 USD
  Expenses:Food:Restaurant                          43.60 USD

2022-12-24 * "Uncle Boons" "Eating out after work"
  Liabilities:US:Chase:Slate                       -27.86 USD
  Expenses:Food:Restaurant                          27.86 USD

2022-12-25 * "Rose Flower" "Eating out with work buddies"
  Liabilities:US:Chase:Slate                       -34.42 USD
  Expenses:Food:Restaurant                          34.42 USD

2022-12-29 * "China Garden" "Eating out with Julie"
  Liabilities:US:Chase:Slate                       -19.57 USD
  Expenses:Food:Restaurant                          19.57 USD

2023-01-01 balance Liabilities:US:Chase:Slate    -2192.87 USD

2023-01-02 * "Corner Deli" "Buying groceries"
  Liabilities:US:Chase:Slate                      -101.61 USD
  Expenses:Food:Groceries                          101.61 USD

2023-01-03 * "China Garden" "Eating out with Joe"
  Liabilities:US:Chase:Slate                       -36.68 USD
  Expenses:Food:Restaurant                          36.68 USD

2023-01-05 * "Cafe Modagor" "Eating out alone"
  Liabilities:US:Chase:Slate                       -58.84 USD
  Expenses:Food:Restaurant                          58.84 USD

2023-01-08 * "Rose Flower" "Eating out after work"
  Liabilities:US:Chase:Slate                       -45.38 USD
  Expenses:Food:Restaurant                          45.38 USD

2023-01-08 * "Chase:Slate" "Paying off credit card"
  Liabilities:US:Chase:Slate                       651.25 USD
  Assets:US:BofA:Checking                         -651.25 USD

2023-01-12 * "Metro Transport Authority" "Tram tickets"
  Liabilities:US:Chase:Slate                      -120.00 USD
  Expenses:Transport:Tram                          120.00 USD

2023-01-13 * "Cafe Modagor" "Eating out with Bill"
  Liabilities:US:Chase:Slate                       -18.87 USD
  Expenses:Food:Restaurant                          18.87 USD

2023-01-18 * "Chichipotle" "Eating out with Joe"
  Liabilities:US:Chase:Slate                       -69.69 USD
  Expenses:Food:Restaurant                          69.69 USD

2023-01-19 * "Goba Goba" "Eating out with Bill"
  Liabilities:US:Chase:Slate                       -46.92 USD
  Expenses:Food:Restaurant                          46.92 USD

2023-01-19 * "Good Moods Market" "Buying groceries"
  Liabilities:US:Chase:Slate                       -59.84 USD
  Expenses:Food:Groceries                           59.84 USD

2023-01-22 balance Liabilities:US:Chase:Slate    -2099.45 USD

2023-01-22 * "China Garden" "Eating out with Joe"
  Liabilities:US:Chase:Slate                       -17.51 USD
  Expenses:Food:Restaurant                          17.51 USD

2023-01-23 * "Jewel of Morroco" "Eating out after work"
  Liabilities:US:Chase:Slate                       -21.66 USD
  Expenses:Food:Restaurant                          21.66 USD

2023-01-25 * "Chichipotle" "Eating out after work"
  Liabilities:US:Chase:Slate                       -18.13 USD
  Expenses:Food:Restaurant                          18.13 USD

2023-01-27 * "China Garden" "Eating out after work"
  Liabilities:US:Chase:Slate                       -46.86 USD
  Expenses:Food:Restaurant                          46.86 USD

2023-01-30 * "Goba Goba" "Eating out with Julie"
  Liabilities:US:Chase:Slate                       -34.91 USD
  Expenses:Food:Restaurant                          34.91 USD

2023-01-30 * "Corner Deli" "Buying groceries"
  Liabilities:US:Chase:Slate                       -69.29 USD
  Expenses:Food:Groceries                           69.29 USD

2023-01-31 * "Chichipotle" "Eating out with Bill"
  Liabilities:US:Chase:Slate                       -26.04 USD
  Expenses:Food:Restaurant                          26.04 USD

2023-02-03 * "Goba Goba" "Eating out with Julie"
  Liabilities:US:Chase:Slate                       -48.77 USD
  Expenses:Food:Restaurant                          48.77 USD

2023-02-06 * "Goba Goba" "Eating out with work buddies"
  Liabilities:US:Chase:Slate                       -21.21 USD
  Expenses:Food:Restaurant                          21.21 USD

2023-02-07 * "Jewel of Morroco" "Eating out alone"
  Liabilities:US:Chase:Slate                       -38.44 USD
  Expenses:Food:Restaurant                          38.44 USD

2023-02-07 * "Corner Deli" "Buying groceries"
  Liabilities:US:Chase:Slate                       -73.67 USD
  Expenses:Food:Groceries                           73.67 USD

2023-02-08 * "Jewel of Morroco" "Eating out with work buddies"
  Liabilities:US:Chase:Slate                       -20.31 USD
  Expenses:Food:Restaurant                          20.31 USD

2023-02-08 * "Metro Transport Authority" "Tram tickets"
  Liabilities:US:Chase:Slate                      -120.00 USD
  Expenses:Transport:Tram                          120.00 USD

2023-02-09 * "Chase:Slate" "Paying off credit card"
  Liabilities:US:Chase:Slate                       898.81 USD
  Assets:US:BofA:Checking                         -898.81 USD

2023-02-12 * "Chichipotle" "Eating out with work buddies"
  Liabilities:US:Chase:Slate                       -26.69 USD
  Expenses:Food:Restaurant                          26.69 USD

2023-02-14 * "Good Moods Market" "Buying groceries"
  Liabilities:US:Chase:Slate                       -87.74 USD
  Expenses:Food:Groceries                           87.74 USD

2023-02-17 * "Uncle Boons" "Eating out "
  Liabilities:US:Chase:Slate                       -50.05 USD
  Expenses:Food:Restaurant                          50.05 USD

2023-02-21 balance Liabilities:US:Chase:Slate    -1921.92 USD

2023-02-21 * "Corner Deli" "Buying groceries"
  Liabilities:US:Chase:Slate                       -77.84 USD
  Expenses:Food:Groceries                           77.84 USD

2023-02-22 * "Jewel of Morroco" "Eating out with work buddies"
  Liabilities:US:Chase:Slate                       -26.38 USD
  Expenses:Food:Restaurant                          26.38 USD

2023-02-26 * "Rose Flower" "Eating out with work buddies"
  Liabilities:US:Chase:Slate                       -24.73 USD
  Expenses:Food:Restaurant                          24.73 USD

2023-02-28 * "Goba Goba" "Eating out with Bill"
  Liabilities:US:Chase:Slate                       -31.60 USD
  Expenses:Food:Restaurant                          31.60 USD

2023-03-02 * "Uncle Boons" "Eating out "
  Liabilities:US:Chase:Slate                       -48.90 USD
  Expenses:Food:Restaurant                          48.90 USD

2023-03-03 * "Rose Flower" "Eating out with Bill"
  Liabilities:US:Chase:Slate                       -32.80 USD
  Expenses:Food:Restaurant                          32.80 USD

2023-03-07 * "Kin Soy" "Eating out with Joe"
  Liabilities:US:Chase:Slate                       -16.08 USD
  Expenses:Food:Restaurant                          16.08 USD

2023-03-09 * "Chichipotle" "Eating out "
  Liabilities:US:Chase:Slate                       -32.66 USD
  Expenses:Food:Restaurant                          32.66 USD

2023-03-09 * "Metro Transport Authority" "Tram tickets"
  Liabilities:US:Chase:Slate                      -120.00 USD
  Expenses:Transport:Tram                          120.00 USD

2023-03-09 * "Chase:Slate" "Paying off credit card"
  Liabilities:US:Chase:Slate                       428.78 USD
  Assets:US:BofA:Checking                         -428.78 USD

2023-03-11 * "Onion Market" "Buying groceries"
  Liabilities:US:Chase:Slate                      -105.65 USD
  Expenses:Food:Groceries                          105.65 USD

2023-03-12 * "Uncle Boons" "Eating out with Bill"
  Liabilities:US:Chase:Slate                       -71.37 USD
  Expenses:Food:Restaurant                          71.37 USD

2023-03-17 * "China Garden" "Eating out after work"
  Liabilities:US:Chase:Slate                       -46.98 USD
  Expenses:Food:Restaurant                          46.98 USD

2023-03-20 * "Corner Deli" "Buying groceries"
  Liabilities:US:Chase:Slate                       -81.56 USD
  Expenses:Food:Groceries                           81.56 USD

2023-03-21 balance Liabilities:US:Chase:Slate    -2209.69 USD

2023-03-22 * "China Garden" "Eating out after work"
  Liabilities:US:Chase:Slate                       -56.35 USD
  Expenses:Food:Restaurant                          56.35 USD

2023-03-23 * "China Garden" "Eating out with Joe"
  Liabilities:US:Chase:Slate                       -26.94 USD
  Expenses:Food:Restaurant                          26.94 USD

2023-03-27 * "Cafe Modagor" "Eating out with Natasha"
  Liabilities:US:Chase:Slate                       -24.77 USD
  Expenses:Food:Restaurant                          24.77 USD

2023-03-27 * "Good Moods Market" "Buying groceries"
  Liabilities:US:Chase:Slate                      -113.42 USD
  Expenses:Food:Groceries                          113.42 USD

2023-03-31 * "China Garden" "Eating out alone"
  Liabilities:US:Chase:Slate                       -41.53 USD
  Expenses:Food:Restaurant                          41.53 USD

2023-04-05 * "China Garden" "Eating out "
  Liabilities:US:Chase:Slate                       -41.31 USD
  Expenses:Food:Restaurant                          41.31 USD

2023-04-05 * "Metro Transport Authority" "Tram tickets"
  Liabilities:US:Chase:Slate                      -120.00 USD
  Expenses:Transport:Tram                          120.00 USD

2023-04-06 event "location" "Boston"

2023-04-07 * "Franklin Cafe" "" #trip-boston-2023
  Liabilities:US:Chase:Slate                       -24.32 USD
  Expenses:Food:Restaurant                          24.32 USD

2023-04-08 * "Legal Seafood" "" #trip-boston-2023
  Liabilities:US:Chase:Slate                       -39.30 USD
  Expenses:Food:Restaurant                          39.30 USD

2023-04-08 * "Franklin Cafe" "" #trip-boston-2023
  Liabilities:US:Chase:Slate                       -30.22 USD
  Expenses:Food:Restaurant                          30.22 USD

2023-04-09 * "Starbucks" "" #trip-boston-2023
  Liabilities:US:Chase:Slate                        -5.03 USD
  Expenses:Food:Coffee                               5.03 USD

2023-04-10 * "Starbucks" "" #trip-boston-2023
  Liabilities:US:Chase:Slate                        -6.98 USD
  Expenses:Food:Coffee                               6.98 USD

2023-04-10 * "Chase:Slate" "Paying off credit card"
  Liabilities:US:Chase:Slate                       864.62 USD
  Assets:US:BofA:Checking                         -864.62 USD

2023-04-11 balance Liabilities:US:Chase:Slate    -1875.24 USD

2023-04-12 * "Giacomo's Restaurant" "" #trip-boston-2023
  Liabilities:US:Chase:Slate                       -42.25 USD
  Expenses:Food:Restaurant                          42.25 USD

2023-04-13 * "Franklin Cafe" "" #trip-boston-2023
  Liabilities:US:Chase:Slate                       -31.89 USD
  Expenses:Food:Restaurant                          31.89 USD

2023-04-14 * "Franklin Cafe" "" #trip-boston-2023
  Liabilities:US:Chase:Slate                       -18.39 USD
  Expenses:Food:Restaurant                          18.39 USD

2023-04-14 * "Starbucks" "" #trip-boston-2023
  Liabilities:US:Chase:Slate                        -6.74 USD
  Expenses:Food:Coffee                               6.74 USD

2023-04-15 * "Giacomo's Restaurant" "" #trip-boston-2023
  Liabilities:US:Chase:Slate                       -44.05 USD
  Expenses:Food:Restaurant                          44.05 USD

2023-04-16 * "Starbucks" "" #trip-boston-2023
  Liabilities:US:Chase:Slate                        -6.06 USD
  Expenses:Food:Coffee                               6.06 USD

2023-04-17 * "Starbucks" "" #trip-boston-2023
  Liabilities:US:Chase:Slate                        -5.67 USD
  Expenses:Food:Coffee                               5.67 USD

2023-04-19 * "Franklin Cafe" "" #trip-boston-2023
  Liabilities:US:Chase:Slate                       -24.74 USD
  Expenses:Food:Restaurant                          24.74 USD

2023-04-20 * "Starbucks" "" #trip-boston-2023
  Liabilities:US:Chase:Slate                        -6.56 USD
  Expenses:Food:Coffee                               6.56 USD

2023-04-21 * "Giacomo's Restaurant" "" #trip-boston-2023
  Liabilities:US:Chase:Slate                       -42.43 USD
  Expenses:Food:Restaurant                          42.43 USD

2023-04-21 * "Legal Seafood" "" #trip-boston-2023
  Liabilities:US:Chase:Slate                       -36.08 USD
  Expenses:Food:Restaurant                          36.08 USD

2023-04-22 * "Legal Seafood" "" #trip-boston-2023
  Liabilities:US:Chase:Slate                       -35.84 USD
  Expenses:Food:Restaurant                          35.84 USD

2023-04-22 * "Franklin Cafe" "" #trip-boston-2023
  Liabilities:US:Chase:Slate                       -36.05 USD
  Expenses:Food:Restaurant                          36.05 USD

2023-04-23 * "Giacomo's Restaurant" "" #trip-boston-2023
  Liabilities:US:Chase:Slate                       -42.12 USD
  Expenses:Food:Restaurant                          42.12 USD

2023-04-24 * "Giacomo's Restaurant" "" #trip-boston-2023
  Liabilities:US:Chase:Slate                       -37.12 USD
  Expenses:Food:Restaurant                          37.12 USD

2023-04-24 * "Legal Seafood" "" #trip-boston-2023
  Liabilities:US:Chase:Slate                       -31.61 USD
  Expenses:Food:Restaurant                          31.61 USD

2023-04-25 * "Giacomo's Restaurant" "" #trip-boston-2023
  Liabilities:US:Chase:Slate                       -43.94 USD
  Expenses:Food:Restaurant                          43.94 USD

2023-04-25 * "Franklin Cafe" "" #trip-boston-2023
  Liabilities:US:Chase:Slate                       -31.02 USD
  Expenses:Food:Restaurant                          31.02 USD

2023-04-25 * "Consume vacation days"
  Assets:US:Babble:Vacation                          -152 VACHR
  Expenses:Vacation                                   152 VACHR

2023-04-25 event "location" "New Metropolis"

2023-04-26 * "Kin Soy" "Eating out "
  Liabilities:US:Chase:Slate                       -14.74 USD
  Expenses:Food:Restaurant                          14.74 USD

2023-05-01 * "Kin Soy" "Eating out with Bill"
  Liabilities:US:Chase:Slate                       -14.95 USD
  Expenses:Food:Restaurant                          14.95 USD

2023-05-02 * "Onion Market" "Buying groceries"
  Liabilities:US:Chase:Slate                       -63.45 USD
  Expenses:Food:Groceries                           63.45 USD

2023-05-04 * "Rose Flower" "Eating out with Bill"
  Liabilities:US:Chase:Slate                       -30.18 USD
  Expenses:Food:Restaurant                          30.18 USD

2023-05-05 * "Jewel of Morroco" "Eating out with Joe"
  Liabilities:US:Chase:Slate                       -52.89 USD
  Expenses:Food:Restaurant                          52.89 USD

2023-05-06 * "Metro Transport Authority" "Tram tickets"
  Liabilities:US:Chase:Slate                      -120.00 USD
  Expenses:Transport:Tram                          120.00 USD

2023-05-08 balance Liabilities:US:Chase:Slate    -2694.01 USD

2023-05-08 * "Chase:Slate" "Paying off credit card"
  Liabilities:US:Chase:Slate                       299.53 USD
  Assets:US:BofA:Checking                         -299.53 USD

2023-05-09 * "Chichipotle" "Eating out with Bill"
  Liabilities:US:Chase:Slate                       -18.06 USD
  Expenses:Food:Restaurant                          18.06 USD

2023-05-09 * "Onion Market" "Buying groceries"
  Liabilities:US:Chase:Slate                       -98.58 USD
  Expenses:Food:Groceries                           98.58 USD

2023-05-13 * "China Garden" "Eating out with Julie"
  Liabilities:US:Chase:Slate                       -39.15 USD
  Expenses:Food:Restaurant                          39.15 USD

2023-05-14 * "Cafe Modagor" "Eating out with Bill"
  Liabilities:US:Chase:Slate                       -29.09 USD
  Expenses:Food:Restaurant                          29.09 USD

2023-05-16 * "Chichipotle" "Eating out alone"
  Liabilities:US:Chase:Slate                       -51.13 USD
  Expenses:Food:Restaurant                          51.13 USD

2023-05-18 * "Chichipotle" "Eating out with Natasha"
  Liabilities:US:Chase:Slate                       -29.86 USD
  Expenses:Food:Restaurant                          29.86 USD

2023-05-19 * "Farmer Fresh" "Buying groceries"
  Liabilities:US:Chase:Slate                       -69.45 USD
  Expenses:Food:Groceries                           69.45 USD

2023-05-23 * "Chichipotle" "Eating out with work buddies"
  Liabilities:US:Chase:Slate                       -52.90 USD
  Expenses:Food:Restaurant                          52.90 USD

2023-05-27 * "Good Moods Market" "Buying groceries"
  Liabilities:US:Chase:Slate                       -92.69 USD
  Expenses:Food:Groceries                           92.69 USD

2023-05-28 * "Jewel of Morroco" "Eating out with Bill"
  Liabilities:US:Chase:Slate                       -28.82 USD
  Expenses:Food:Restaurant                          28.82 USD

2023-05-30 * "Rose Flower" "Eating out alone"
  Liabilities:US:Chase:Slate                       -21.86 USD
  Expenses:Food:Restaurant                          21.86 USD

2023-06-02 balance Liabilities:US:Chase:Slate    -2926.07 USD

2023-06-04 * "Cafe Modagor" "Eating out alone"
  Liabilities:US:Chase:Slate                       -21.38 USD
  Expenses:Food:Restaurant                          21.38 USD

2023-06-05 * "Metro Transport Authority" "Tram tickets"
  Liabilities:US:Chase:Slate                      -120.00 USD
  Expenses:Transport:Tram                          120.00 USD

2023-06-06 * "Jewel of Morroco" "Eating out after work"
  Liabilities:US:Chase:Slate                       -31.27 USD
  Expenses:Food:Restaurant                          31.27 USD

2023-06-11 * "Uncle Boons" "Eating out with work buddies"
  Liabilities:US:Chase:Slate                       -36.68 USD
  Expenses:Food:Restaurant                          36.68 USD

2023-06-11 * "Good Moods Market" "Buying groceries"
  Liabilities:US:Chase:Slate                       -92.50 USD
  Expenses:Food:Groceries                           92.50 USD

2023-06-11 * "Chase:Slate" "Paying off credit card"
  Liabilities:US:Chase:Slate                       722.86 USD
  Assets:US:BofA:Checking                         -722.86 USD

2023-06-15 * "Chichipotle" "Eating out with work buddies"
  Liabilities:US:Chase:Slate                       -36.21 USD
  Expenses:Food:Restaurant                          36.21 USD

2023-06-16 * "Uncle Boons" "Eating out alone"
  Liabilities:US:Chase:Slate                       -47.29 USD
  Expenses:Food:Restaurant                          47.29 USD

2023-06-17 * "Uncle Boons" "Eating out with Joe"
  Liabilities:US:Chase:Slate                       -34.65 USD
  Expenses:Food:Restaurant                          34.65 USD

2023-06-19 * "Rose Flower" "Eating out alone"
  Liabilities:US:Chase:Slate                       -30.84 USD
  Expenses:Food:Restaurant                          30.84 USD

2023-06-22 * "China Garden" "Eating out with Joe"
  Liabilities:US:Chase:Slate                       -25.27 USD
  Expenses:Food:Restaurant                          25.27 USD

2023-06-22 * "Corner Deli" "Buying groceries"
  Liabilities:US:Chase:Slate                       -61.32 USD
  Expenses:Food:Groceries                           61.32 USD

2023-06-23 balance Liabilities:US:Chase:Slate    -2740.62 USD

2023-06-25 * "Rose Flower" "Eating out after work"
  Liabilities:US:Chase:Slate                       -34.76 USD
  Expenses:Food:Restaurant                          34.76 USD

2023-06-29 * "Goba Goba" "Eating out with Julie"
  Liabilities:US:Chase:Slate                       -63.53 USD
  Expenses:Food:Restaurant                          63.53 USD

2023-07-02 * "Cafe Modagor" "Eating out "
  Liabilities:US:Chase:Slate                       -19.88 USD
  Expenses:Food:Restaurant                          19.88 USD

2023-07-02 * "Metro Transport Authority" "Tram tickets"
  Liabilities:US:Chase:Slate                      -120.00 USD
  Expenses:Transport:Tram                          120.00 USD

2023-07-03 * "China Garden" "Eating out with Julie"
  Liabilities:US:Chase:Slate                       -34.49 USD
  Expenses:Food:Restaurant                          34.49 USD

2023-07-03 * "Good Moods Market" "Buying groceries"
  Liabilities:US:Chase:Slate                      -113.56 USD
  Expenses:Food:Groceries                          113.56 USD

2023-07-05 * "Rose Flower" "Eating out alone"
  Liabilities:US:Chase:Slate                       -30.64 USD
  Expenses:Food:Restaurant                          30.64 USD

2023-07-07 * "Chase:Slate" "Paying off credit card"
  Liabilities:US:Chase:Slate                       781.50 USD
  Assets:US:BofA:Checking                         -781.50 USD

2023-07-09 * "China Garden" "Eating out with Natasha"
  Liabilities:US:Chase:Slate                       -36.56 USD
  Expenses:Food:Restaurant                          36.56 USD

2023-07-11 * "Rose Flower" "Eating out "
  Liabilities:US:Chase:Slate                       -16.52 USD
  Expenses:Food:Restaurant                          16.52 USD

2023-07-16 * "Rose Flower" "Eating out with work buddies"
  Liabilities:US:Chase:Slate                       -31.03 USD
  Expenses:Food:Restaurant                          31.03 USD

2023-07-19 * "Cafe Modagor" "Eating out "
  Liabilities:US:Chase:Slate                       -39.40 USD
  Expenses:Food:Restaurant                          39.40 USD

2023-07-19 * "Corner Deli" "Buying groceries"
  Liabilities:US:Chase:Slate                       -67.79 USD
  Expenses:Food:Groceries                           67.79 USD

2023-07-22 balance Liabilities:US:Chase:Slate    -2567.28 USD

2023-07-22 * "Uncle Boons" "Eating out after work"
  Liabilities:US:Chase:Slate                       -19.85 USD
  Expenses:Food:Restaurant                          19.85 USD

2023-07-26 * "Uncle Boons" "Eating out "
  Liabilities:US:Chase:Slate                       -38.13 USD
  Expenses:Food:Restaurant                          38.13 USD

2023-07-27 * "Rose Flower" "Eating out alone"
  Liabilities:US:Chase:Slate                       -20.66 USD
  Expenses:Food:Restaurant                          20.66 USD

2023-07-29 * "Uncle Boons" "Eating out with Bill"
  Liabilities:US:Chase:Slate                       -30.01 USD
  Expenses:Food:Restaurant                          30.01 USD

2023-07-31 * "Uncle Boons" "Eating out with Natasha"
  Liabilities:US:Chase:Slate                       -46.20 USD
  Expenses:Food:Restaurant                          46.20 USD

2023-08-01 * "Farmer Fresh" "Buying groceries"
  Liabilities:US:Chase:Slate                      -125.80 USD
  Expenses:Food:Groceries                          125.80 USD

2023-08-02 * "Metro Transport Authority" "Tram tickets"
  Liabilities:US:Chase:Slate                      -120.00 USD
  Expenses:Transport:Tram                          120.00 USD

2023-08-04 * "Jewel of Morroco" "Eating out with Bill"
  Liabilities:US:Chase:Slate                       -22.70 USD
  Expenses:Food:Restaurant                          22.70 USD

2023-08-06 * "Good Moods Market" "Buying groceries"
  Liabilities:US:Chase:Slate                       -72.09 USD
  Expenses:Food:Groceries                           72.09 USD

2023-08-09 * "Uncle Boons" "Eating out alone"
  Liabilities:US:Chase:Slate                       -40.22 USD
  Expenses:Food:Restaurant                          40.22 USD

2023-08-12 * "Kin Soy" "Eating out with Bill"
  Liabilities:US:Chase:Slate                       -29.40 USD
  Expenses:Food:Restaurant                          29.40 USD

2023-08-13 * "Rose Flower" "Eating out "
  Liabilities:US:Chase:Slate                       -32.09 USD
  Expenses:Food:Restaurant                          32.09 USD



* Taxable Investments

2021-01-01 open Assets:US:ETrade:Cash                       USD
2021-01-01 open Assets:US:ETrade:ITOT                       ITOT
2021-01-01 open Assets:US:ETrade:VEA                       VEA
2021-01-01 open Assets:US:ETrade:VHT                       VHT
2021-01-01 open Assets:US:ETrade:GLD                       GLD
2021-01-01 open Income:US:ETrade:PnL                        USD
2021-01-01 open Income:US:ETrade:ITOT:Dividend              USD
2021-01-01 open Income:US:ETrade:VEA:Dividend              USD
2021-01-01 open Income:US:ETrade:VHT:Dividend              USD
2021-01-01 open Income:US:ETrade:GLD:Dividend              USD

2021-08-29 * "Buy shares of ITOT"
  Assets:US:ETrade:Cash                          -2827.38 USD
  Assets:US:ETrade:ITOT                                17 ITOT {165.79 USD, 2021-08-29}
  Expenses:Financial:Commissions                     8.95 USD

2021-09-18 * "Dividends on portfolio"
  Assets:US:ETrade:Cash                             11.27 USD
  Income:US:ETrade:VEA:Dividend                    -11.27 USD

2021-10-17 * "Buy shares of VHT"
  Assets:US:ETrade:Cash                          -1748.17 USD
  Assets:US:ETrade:VHT                                 14 VHT {124.23 USD, 2021-10-17}
  Expenses:Financial:Commissions                     8.95 USD

2021-10-17 * "Buy shares of GLD"
  Assets:US:ETrade:Cash                          -1691.80 USD
  Assets:US:ETrade:GLD                                 13 GLD {129.45 USD, 2021-10-17}
  Expenses:Financial:Commissions                     8.95 USD

2021-12-17 * "Dividends on portfolio"
  Assets:US:ETrade:Cash                             24.96 USD
  Income:US:ETrade:VEA:Dividend                    -24.96 USD

2022-01-28 * "Sell shares of VHT"
  Assets:US:ETrade:VHT                                -14 VHT {124.23 USD, 2021-10-17} @ 130.40 USD
  Assets:US:ETrade:Cash                           1816.65 USD
  Expenses:Financial:Commissions                     8.95 USD
  Income:US:ETrade:PnL                             -86.38 USD

2022-02-20 * "Buy shares of GLD"
  Assets:US:ETrade:Cash                           -424.81 USD
  Assets:US:ETrade:GLD                                  3 GLD {138.62 USD, 2022-02-20}
  Expenses:Financial:Commissions                     8.95 USD

2022-02-20 * "Buy shares of VEA"
  Assets:US:ETrade:Cash                           -482.67 USD
  Assets:US:ETrade:VEA                                  4 VEA {118.43 USD, 2022-02-20}
  Expenses:Financial:Commissions                     8.95 USD

2022-02-20 * "Buy shares of ITOT"
  Assets:US:ETrade:Cash                           -388.11 USD
  Assets:US:ETrade:ITOT                                 2 ITOT {189.58 USD, 2022-02-20}
  Expenses:Financial:Commissions                     8.95 USD

2022-02-20 * "Buy shares of VHT"
  Assets:US:ETrade:Cash                           -418.12 USD
  Assets:US:ETrade:VHT                                  3 VHT {136.39 USD, 2022-02-20}
  Expenses:Financial:Commissions                     8.95 USD

2022-03-18 * "Dividends on portfolio"
  Assets:US:ETrade:Cash                             31.67 USD
  Income:US:ETrade:VHT:Dividend                    -31.67 USD

2022-06-18 * "Dividends on portfolio"
  Assets:US:ETrade:Cash                             31.67 USD
  Income:US:ETrade:ITOT:Dividend                   -31.67 USD

2022-06-24 * "Sell shares of ITOT"
  Assets:US:ETrade:ITOT                               -17 ITOT {165.79 USD, 2021-08-29} @ 196.28 USD
  Assets:US:ETrade:Cash                           3327.81 USD
  Expenses:Financial:Commissions                     8.95 USD
  Income:US:ETrade:PnL                            -518.33 USD

2022-07-11 * "Sell shares of GLD"
  Assets:US:ETrade:GLD                                 -3 GLD {138.62 USD, 2022-02-20} @ 141.49 USD
  Assets:US:ETrade:Cash                            415.52 USD
  Expenses:Financial:Commissions                     8.95 USD
  Income:US:ETrade:PnL                              -8.61 USD

2022-08-09 * "Buy shares of GLD"
  Assets:US:ETrade:Cash                          -1572.49 USD
  Assets:US:ETrade:GLD                                 11 GLD {142.14 USD, 2022-08-09}
  Expenses:Financial:Commissions                     8.95 USD

2022-08-09 * "Buy shares of VHT"
  Assets:US:ETrade:Cash                          -1619.46 USD
  Assets:US:ETrade:VHT                                 11 VHT {146.41 USD, 2022-08-09}
  Expenses:Financial:Commissions                     8.95 USD

2022-08-09 * "Buy shares of VEA"
  Assets:US:ETrade:Cash                          -1641.10 USD
  Assets:US:ETrade:VEA                                 13 VEA {125.55 USD, 2022-08-09}
  Expenses:Financial:Commissions                     8.95 USD

2022-08-09 * "Buy shares of ITOT"
  Assets:US:ETrade:Cash                          -1602.71 USD
  Assets:US:ETrade:ITOT                                 8 ITOT {199.22 USD, 2022-08-09}
  Expenses:Financial:Commissions                     8.95 USD

2022-09-04 * "Sell shares of GLD"
  Assets:US:ETrade:GLD                                -13 GLD {129.45 USD, 2021-10-17} @ 140.14 USD
  Assets:US:ETrade:Cash                           1812.87 USD
  Expenses:Financial:Commissions                     8.95 USD
  Income:US:ETrade:PnL                            -138.97 USD

2022-09-08 * "Buy shares of ITOT"
  Assets:US:ETrade:Cash                          -1014.40 USD
  Assets:US:ETrade:ITOT                                 5 ITOT {201.09 USD, 2022-09-08}
  Expenses:Financial:Commissions                     8.95 USD

2022-09-08 * "Buy shares of GLD"
  Assets:US:ETrade:Cash                          -1130.07 USD
  Assets:US:ETrade:GLD                                  8 GLD {140.14 USD, 2022-09-08}
  Expenses:Financial:Commissions                     8.95 USD

2022-09-18 * "Dividends on portfolio"
  Assets:US:ETrade:Cash                             65.78 USD
  Income:US:ETrade:VHT:Dividend                    -65.78 USD

2022-09-26 * "Buy shares of GLD"
  Assets:US:ETrade:Cash                          -4197.85 USD
  Assets:US:ETrade:GLD                                 30 GLD {139.63 USD, 2022-09-26}
  Expenses:Financial:Commissions                     8.95 USD

2022-10-29 * "Sell shares of ITOT"
  Assets:US:ETrade:ITOT                                -8 ITOT {199.22 USD, 2022-08-09} @ 192.25 USD
  Assets:US:ETrade:Cash                           1529.05 USD
  Expenses:Financial:Commissions                     8.95 USD
  Income:US:ETrade:PnL                              55.76 USD

2022-11-14 * "Buy shares of VHT"
  Assets:US:ETrade:Cash                          -2793.78 USD
  Assets:US:ETrade:VHT                                 19 VHT {146.57 USD, 2022-11-14}
  Expenses:Financial:Commissions                     8.95 USD

2022-11-14 * "Buy shares of ITOT"
  Assets:US:ETrade:Cash                          -2689.81 USD
  Assets:US:ETrade:ITOT                                14 ITOT {191.49 USD, 2022-11-14}
  Expenses:Financial:Commissions                     8.95 USD

2022-12-09 * "Sell shares of GLD"
  Assets:US:ETrade:GLD                                -30 GLD {139.63 USD, 2022-09-26} @ 142.35 USD
  Assets:US:ETrade:Cash                           4261.55 USD
  Expenses:Financial:Commissions                     8.95 USD
  Income:US:ETrade:PnL                             -81.60 USD

2022-12-17 * "Dividends on portfolio"
  Assets:US:ETrade:Cash                            104.40 USD
  Income:US:ETrade:VEA:Dividend                   -104.40 USD

2023-01-11 * "Buy shares of VHT"
  Assets:US:ETrade:Cash                          -4370.35 USD
  Assets:US:ETrade:VHT                                 30 VHT {145.38 USD, 2023-01-11}
  Expenses:Financial:Commissions                     8.95 USD

2023-03-18 * "Dividends on portfolio"
  Assets:US:ETrade:Cash                            121.84 USD
  Income:US:ETrade:ITOT:Dividend                  -121.84 USD

2023-04-01 * "Sell shares of VEA"
  Assets:US:ETrade:VEA                                -13 VEA {125.55 USD, 2022-08-09} @ 123.56 USD
  Assets:US:ETrade:Cash                           1597.33 USD
  Expenses:Financial:Commissions                     8.95 USD
  Income:US:ETrade:PnL                              25.87 USD

2023-04-13 * "Buy shares of VHT"
  Assets:US:ETrade:Cash                           -470.20 USD
  Assets:US:ETrade:VHT                                  3 VHT {153.75 USD, 2023-04-13}
  Expenses:Financial:Commissions                     8.95 USD

2023-04-13 * "Buy shares of VEA"
  Assets:US:ETrade:Cash                           -495.99 USD
  Assets:US:ETrade:VEA                                  4 VEA {121.76 USD, 2023-04-13}
  Expenses:Financial:Commissions                     8.95 USD

2023-04-13 * "Buy shares of GLD"
  Assets:US:ETrade:Cash                           -451.54 USD
  Assets:US:ETrade:GLD                                  3 GLD {147.53 USD, 2023-04-13}
  Expenses:Financial:Commissions                     8.95 USD

2023-06-18 * "Dividends on portfolio"
  Assets:US:ETrade:Cash                            127.41 USD
  Income:US:ETrade:VHT:Dividend                   -127.41 USD

2023-08-04 * "Buy shares of VEA"
  Assets:US:ETrade:Cash                          -1696.09 USD
  Assets:US:ETrade:VEA                                 13 VEA {129.78 USD, 2023-08-04}
  Expenses:Financial:Commissions                     8.95 USD

2023-08-04 * "Buy shares of VHT"
  Assets:US:ETrade:Cash                          -1661.95 USD
  Assets:US:ETrade:VHT                                 10 VHT {165.30 USD, 2023-08-04}
  Expenses:Financial:Commissions                     8.95 USD



* Vanguard Investments

2021-01-01 open Assets:US:Vanguard:VBMPX                     VBMPX
  number: "882882"
2021-01-01 open Assets:US:Vanguard:RGAGX                     RGAGX
  number: "882882"
2021-01-01 open Assets:US:Vanguard                            USD
  address: "P.O. Box 1110, Valley Forge, PA 19482-1110"
  institution: "Vanguard Group"
  phone: "+1.800.523.1188"
2021-01-01 open Income:US:Babble:Match401k                   USD
2021-01-01 open Assets:US:Vanguard:Cash                       USD
  number: "882882"

2021-01-08 * "Employer match for contribution"
  Assets:US:Vanguard:Cash                          600.00 USD
  Income:US:Babble:Match401k                      -600.00 USD

2021-01-11 * "Investing 40% of cash in VBMPX"
  Assets:US:Vanguard:VBMPX                          4.531 VBMPX {105.93 USD, 2021-01-11}
  Assets:US:Vanguard:Cash                         -479.97 USD

2021-01-11 * "Investing 60% of cash in RGAGX"
  Assets:US:Vanguard:RGAGX                          4.261 RGAGX {168.99 USD, 2021-01-11}
  Assets:US:Vanguard:Cash                         -720.07 USD

2021-01-11 * "Investing 40% of cash in VBMPX"
  Assets:US:Vanguard:VBMPX                          2.265 VBMPX {105.93 USD, 2021-01-11}
  Assets:US:Vanguard:Cash                         -239.93 USD

2021-01-11 * "Investing 60% of cash in RGAGX"
  Assets:US:Vanguard:RGAGX                          2.130 RGAGX {168.99 USD, 2021-01-11}
  Assets:US:Vanguard:Cash                         -359.95 USD

2021-01-22 * "Employer match for contribution"
  Assets:US:Vanguard:Cash                          600.00 USD
  Income:US:Babble:Match401k                      -600.00 USD

2021-01-25 * "Investing 40% of cash in VBMPX"
  Assets:US:Vanguard:VBMPX                          4.576 VBMPX {104.90 USD, 2021-01-25}
  Assets:US:Vanguard:Cash                         -480.02 USD

2021-01-25 * "Investing 60% of cash in RGAGX"
  Assets:US:Vanguard:RGAGX                          4.133 RGAGX {174.20 USD, 2021-01-25}
  Assets:US:Vanguard:Cash                         -719.97 USD

2021-01-25 * "Investing 40% of cash in VBMPX"
  Assets:US:Vanguard:VBMPX                          2.288 VBMPX {104.90 USD, 2021-01-25}
  Assets:US:Vanguard:Cash                         -240.01 USD

2021-01-25 * "Investing 60% of cash in RGAGX"
  Assets:US:Vanguard:RGAGX                          2.067 RGAGX {174.20 USD, 2021-01-25}
  Assets:US:Vanguard:Cash                         -360.07 USD

2021-02-05 * "Employer match for contribution"
  Assets:US:Vanguard:Cash                          600.00 USD
  Income:US:Babble:Match401k                      -600.00 USD

2021-02-08 * "Investing 40% of cash in VBMPX"
  Assets:US:Vanguard:VBMPX                          4.569 VBMPX {105.05 USD, 2021-02-08}
  Assets:US:Vanguard:Cash                         -479.97 USD

2021-02-08 * "Investing 60% of cash in RGAGX"
  Assets:US:Vanguard:RGAGX                          4.202 RGAGX {171.35 USD, 2021-02-08}
  Assets:US:Vanguard:Cash                         -720.01 USD

2021-02-08 * "Investing 40% of cash in VBMPX"
  Assets:US:Vanguard:VBMPX                          2.285 VBMPX {105.05 USD, 2021-02-08}
  Assets:US:Vanguard:Cash                         -240.04 USD

2021-02-08 * "Investing 60% of cash in RGAGX"
  Assets:US:Vanguard:RGAGX                          2.101 RGAGX {171.35 USD, 2021-02-08}
  Assets:US:Vanguard:Cash                         -360.01 USD

2021-02-19 * "Employer match for contribution"
  Assets:US:Vanguard:Cash                          600.00 USD
  Income:US:Babble:Match401k                      -600.00 USD

2021-02-22 * "Investing 40% of cash in VBMPX"
  Assets:US:Vanguard:VBMPX                          4.638 VBMPX {103.50 USD, 2021-02-22}
  Assets:US:Vanguard:Cash                         -480.03 USD

2021-02-22 * "Investing 60% of cash in RGAGX"
  Assets:US:Vanguard:RGAGX                          4.234 RGAGX {170.06 USD, 2021-02-22}
  Assets:US:Vanguard:Cash                         -720.03 USD

2021-02-22 * "Investing 40% of cash in VBMPX"
  Assets:US:Vanguard:VBMPX                          2.319 VBMPX {103.50 USD, 2021-02-22}
  Assets:US:Vanguard:Cash                         -240.02 USD

2021-02-22 * "Investing 60% of cash in RGAGX"
  Assets:US:Vanguard:RGAGX                          2.117 RGAGX {170.06 USD, 2021-02-22}
  Assets:US:Vanguard:Cash                         -360.02 USD

2021-03-05 * "Employer match for contribution"
  Assets:US:Vanguard:Cash                          600.00 USD
  Income:US:Babble:Match401k                      -600.00 USD

2021-03-08 * "Investing 40% of cash in VBMPX"
  Assets:US:Vanguard:VBMPX                          4.562 VBMPX {105.20 USD, 2021-03-08}
  Assets:US:Vanguard:Cash                         -479.92 USD

2021-03-08 * "Investing 60% of cash in RGAGX"
  Assets:US:Vanguard:RGAGX                          4.169 RGAGX {172.68 USD, 2021-03-08}
  Assets:US:Vanguard:Cash                         -719.90 USD

2021-03-08 * "Investing 40% of cash in VBMPX"
  Assets:US:Vanguard:VBMPX                          2.282 VBMPX {105.20 USD, 2021-03-08}
  Assets:US:Vanguard:Cash                         -240.07 USD

2021-03-08 * "Investing 60% of cash in RGAGX"
  Assets:US:Vanguard:RGAGX                          2.085 RGAGX {172.68 USD, 2021-03-08}
  Assets:US:Vanguard:Cash                         -360.04 USD

2021-03-19 * "Employer match for contribution"
  Assets:US:Vanguard:Cash                          600.00 USD
  Income:US:Babble:Match401k                      -600.00 USD

2021-03-22 * "Investing 40% of cash in VBMPX"
  Assets:US:Vanguard:VBMPX                          4.487 VBMPX {106.98 USD, 2021-03-22}
  Assets:US:Vanguard:Cash                         -480.02 USD

2021-03-22 * "Investing 60% of cash in RGAGX"
  Assets:US:Vanguard:RGAGX                          4.132 RGAGX {174.26 USD, 2021-03-22}
  Assets:US:Vanguard:Cash                         -720.04 USD

2021-03-22 * "Investing 40% of cash in VBMPX"
  Assets:US:Vanguard:VBMPX                          2.243 VBMPX {106.98 USD, 2021-03-22}
  Assets:US:Vanguard:Cash                         -239.96 USD

2021-03-22 * "Investing 60% of cash in RGAGX"
  Assets:US:Vanguard:RGAGX                          2.065 RGAGX {174.26 USD, 2021-03-22}
  Assets:US:Vanguard:Cash                         -359.85 USD

2021-04-02 * "Employer match for contribution"
  Assets:US:Vanguard:Cash                          600.00 USD
  Income:US:Babble:Match401k                      -600.00 USD

2021-04-05 * "Investing 40% of cash in VBMPX"
  Assets:US:Vanguard:VBMPX                          4.388 VBMPX {109.40 USD, 2021-04-05}
  Assets:US:Vanguard:Cash                         -480.05 USD

2021-04-05 * "Investing 60% of cash in RGAGX"
  Assets:US:Vanguard:RGAGX                          4.040 RGAGX {178.21 USD, 2021-04-05}
  Assets:US:Vanguard:Cash                         -719.97 USD

2021-04-05 * "Investing 40% of cash in VBMPX"
  Assets:US:Vanguard:VBMPX                          2.194 VBMPX {109.40 USD, 2021-04-05}
  Assets:US:Vanguard:Cash                         -240.02 USD

2021-04-05 * "Investing 60% of cash in RGAGX"
  Assets:US:Vanguard:RGAGX                          2.020 RGAGX {178.21 USD, 2021-04-05}
  Assets:US:Vanguard:Cash                         -359.98 USD

2021-04-16 * "Employer match for contribution"
  Assets:US:Vanguard:Cash                          600.00 USD
  Income:US:Babble:Match401k                      -600.00 USD

2021-04-19 * "Investing 40% of cash in VBMPX"
  Assets:US:Vanguard:VBMPX                          4.343 VBMPX {110.54 USD, 2021-04-19}
  Assets:US:Vanguard:Cash                         -480.08 USD

2021-04-19 * "Investing 60% of cash in RGAGX"
  Assets:US:Vanguard:RGAGX                          4.040 RGAGX {178.21 USD, 2021-04-19}
  Assets:US:Vanguard:Cash                         -719.97 USD

2021-04-19 * "Investing 40% of cash in VBMPX"
  Assets:US:Vanguard:VBMPX                          2.171 VBMPX {110.54 USD, 2021-04-19}
  Assets:US:Vanguard:Cash                         -239.98 USD

2021-04-19 * "Investing 60% of cash in RGAGX"
  Assets:US:Vanguard:RGAGX                          2.020 RGAGX {178.21 USD, 2021-04-19}
  Assets:US:Vanguard:Cash                         -359.98 USD

2021-04-30 * "Employer match for contribution"
  Assets:US:Vanguard:Cash                          600.00 USD
  Income:US:Babble:Match401k                      -600.00 USD

2021-05-03 * "Investing 40% of cash in VBMPX"
  Assets:US:Vanguard:VBMPX                          4.423 VBMPX {108.53 USD, 2021-05-03}
  Assets:US:Vanguard:Cash                         -480.03 USD

2021-05-03 * "Investing 60% of cash in RGAGX"
  Assets:US:Vanguard:RGAGX                          4.034 RGAGX {178.51 USD, 2021-05-03}
  Assets:US:Vanguard:Cash                         -720.11 USD

2021-05-03 * "Investing 40% of cash in VBMPX"
  Assets:US:Vanguard:VBMPX                          2.211 VBMPX {108.53 USD, 2021-05-03}
  Assets:US:Vanguard:Cash                         -239.96 USD

2021-05-03 * "Investing 60% of cash in RGAGX"
  Assets:US:Vanguard:RGAGX                          2.016 RGAGX {178.51 USD, 2021-05-03}
  Assets:US:Vanguard:Cash                         -359.88 USD

2021-05-14 * "Employer match for contribution"
  Assets:US:Vanguard:Cash                          600.00 USD
  Income:US:Babble:Match401k                      -600.00 USD

2021-05-17 * "Investing 40% of cash in VBMPX"
  Assets:US:Vanguard:VBMPX                          4.512 VBMPX {106.39 USD, 2021-05-17}
  Assets:US:Vanguard:Cash                         -480.03 USD

2021-05-17 * "Investing 60% of cash in RGAGX"
  Assets:US:Vanguard:RGAGX                          4.032 RGAGX {178.57 USD, 2021-05-17}
  Assets:US:Vanguard:Cash                         -719.99 USD

2021-05-17 * "Investing 40% of cash in VBMPX"
  Assets:US:Vanguard:VBMPX                          2.256 VBMPX {106.39 USD, 2021-05-17}
  Assets:US:Vanguard:Cash                         -240.02 USD

2021-05-17 * "Investing 60% of cash in RGAGX"
  Assets:US:Vanguard:RGAGX                          2.016 RGAGX {178.57 USD, 2021-05-17}
  Assets:US:Vanguard:Cash                         -360.00 USD

2021-05-28 * "Employer match for contribution"
  Assets:US:Vanguard:Cash                          600.00 USD
  Income:US:Babble:Match401k                      -600.00 USD

2021-05-31 * "Investing 40% of cash in VBMPX"
  Assets:US:Vanguard:VBMPX                          4.451 VBMPX {107.85 USD, 2021-05-31}
  Assets:US:Vanguard:Cash                         -480.04 USD

2021-05-31 * "Investing 60% of cash in RGAGX"
  Assets:US:Vanguard:RGAGX                          4.123 RGAGX {174.64 USD, 2021-05-31}
  Assets:US:Vanguard:Cash                         -720.04 USD

2021-05-31 * "Investing 40% of cash in VBMPX"
  Assets:US:Vanguard:VBMPX                          2.225 VBMPX {107.85 USD, 2021-05-31}
  Assets:US:Vanguard:Cash                         -239.97 USD

2021-05-31 * "Investing 60% of cash in RGAGX"
  Assets:US:Vanguard:RGAGX                          2.061 RGAGX {174.64 USD, 2021-05-31}
  Assets:US:Vanguard:Cash                         -359.93 USD

2021-06-11 * "Employer match for contribution"
  Assets:US:Vanguard:Cash                          600.00 USD
  Income:US:Babble:Match401k                      -600.00 USD

2021-06-14 * "Investing 40% of cash in VBMPX"
  Assets:US:Vanguard:VBMPX                          4.431 VBMPX {108.32 USD, 2021-06-14}
  Assets:US:Vanguard:Cash                         -479.97 USD

2021-06-14 * "Investing 60% of cash in RGAGX"
  Assets:US:Vanguard:RGAGX                          4.312 RGAGX {167.00 USD, 2021-06-14}
  Assets:US:Vanguard:Cash                         -720.10 USD

2021-06-14 * "Investing 40% of cash in VBMPX"
  Assets:US:Vanguard:VBMPX                          2.216 VBMPX {108.32 USD, 2021-06-14}
  Assets:US:Vanguard:Cash                         -240.04 USD

2021-06-14 * "Investing 60% of cash in RGAGX"
  Assets:US:Vanguard:RGAGX                          2.156 RGAGX {167.00 USD, 2021-06-14}
  Assets:US:Vanguard:Cash                         -360.05 USD

2021-06-25 * "Employer match for contribution"
  Assets:US:Vanguard:Cash                          600.00 USD
  Income:US:Babble:Match401k                      -600.00 USD

2021-06-28 * "Investing 40% of cash in VBMPX"
  Assets:US:Vanguard:VBMPX                          4.467 VBMPX {107.44 USD, 2021-06-28}
  Assets:US:Vanguard:Cash                         -479.93 USD

2021-06-28 * "Investing 60% of cash in RGAGX"
  Assets:US:Vanguard:RGAGX                          4.260 RGAGX {169.01 USD, 2021-06-28}
  Assets:US:Vanguard:Cash                         -719.98 USD

2021-06-28 * "Investing 40% of cash in VBMPX"
  Assets:US:Vanguard:VBMPX                          2.234 VBMPX {107.44 USD, 2021-06-28}
  Assets:US:Vanguard:Cash                         -240.02 USD

2021-06-28 * "Investing 60% of cash in RGAGX"
  Assets:US:Vanguard:RGAGX                          2.130 RGAGX {169.01 USD, 2021-06-28}
  Assets:US:Vanguard:Cash                         -359.99 USD

2021-07-09 * "Employer match for contribution"
  Assets:US:Vanguard:Cash                          600.00 USD
  Income:US:Babble:Match401k                      -600.00 USD

2021-07-12 * "Investing 40% of cash in VBMPX"
  Assets:US:Vanguard:VBMPX                          4.478 VBMPX {107.19 USD, 2021-07-12}
  Assets:US:Vanguard:Cash                         -480.00 USD

2021-07-12 * "Investing 60% of cash in RGAGX"
  Assets:US:Vanguard:RGAGX                          4.193 RGAGX {171.72 USD, 2021-07-12}
  Assets:US:Vanguard:Cash                         -720.02 USD

2021-07-12 * "Investing 40% of cash in VBMPX"
  Assets:US:Vanguard:VBMPX                          2.239 VBMPX {107.19 USD, 2021-07-12}
  Assets:US:Vanguard:Cash                         -240.00 USD

2021-07-12 * "Investing 60% of cash in RGAGX"
  Assets:US:Vanguard:RGAGX                          2.096 RGAGX {171.72 USD, 2021-07-12}
  Assets:US:Vanguard:Cash                         -359.93 USD

2021-07-23 * "Employer match for contribution"
  Assets:US:Vanguard:Cash                          600.00 USD
  Income:US:Babble:Match401k                      -600.00 USD

2021-07-26 * "Investing 40% of cash in VBMPX"
  Assets:US:Vanguard:VBMPX                          4.490 VBMPX {106.91 USD, 2021-07-26}
  Assets:US:Vanguard:Cash                         -480.03 USD

2021-07-26 * "Investing 60% of cash in RGAGX"
  Assets:US:Vanguard:RGAGX                          4.375 RGAGX {164.59 USD, 2021-07-26}
  Assets:US:Vanguard:Cash                         -720.08 USD

2021-07-26 * "Investing 40% of cash in VBMPX"
  Assets:US:Vanguard:VBMPX                          2.245 VBMPX {106.91 USD, 2021-07-26}
  Assets:US:Vanguard:Cash                         -240.01 USD

2021-07-26 * "Investing 60% of cash in RGAGX"
  Assets:US:Vanguard:RGAGX                          2.187 RGAGX {164.59 USD, 2021-07-26}
  Assets:US:Vanguard:Cash                         -359.96 USD

2021-08-06 * "Employer match for contribution"
  Assets:US:Vanguard:Cash                          250.00 USD
  Income:US:Babble:Match401k                      -250.00 USD

2021-08-09 * "Investing 40% of cash in VBMPX"
  Assets:US:Vanguard:VBMPX                          1.863 VBMPX {107.36 USD, 2021-08-09}
  Assets:US:Vanguard:Cash                         -200.01 USD

2021-08-09 * "Investing 60% of cash in RGAGX"
  Assets:US:Vanguard:RGAGX                          1.865 RGAGX {160.87 USD, 2021-08-09}
  Assets:US:Vanguard:Cash                         -300.02 USD

2021-08-09 * "Investing 40% of cash in VBMPX"
  Assets:US:Vanguard:VBMPX                          0.931 VBMPX {107.36 USD, 2021-08-09}
  Assets:US:Vanguard:Cash                          -99.95 USD

2021-08-09 * "Investing 60% of cash in RGAGX"
  Assets:US:Vanguard:RGAGX                          0.932 RGAGX {160.87 USD, 2021-08-09}
  Assets:US:Vanguard:Cash                         -149.93 USD

2022-01-07 * "Employer match for contribution"
  Assets:US:Vanguard:Cash                          600.00 USD
  Income:US:Babble:Match401k                      -600.00 USD

2022-01-10 * "Investing 40% of cash in VBMPX"
  Assets:US:Vanguard:VBMPX                          4.788 VBMPX {100.25 USD, 2022-01-10}
  Assets:US:Vanguard:Cash                         -480.00 USD

2022-01-10 * "Investing 60% of cash in RGAGX"
  Assets:US:Vanguard:RGAGX                          4.489 RGAGX {160.40 USD, 2022-01-10}
  Assets:US:Vanguard:Cash                         -720.04 USD

2022-01-10 * "Investing 40% of cash in VBMPX"
  Assets:US:Vanguard:VBMPX                          2.394 VBMPX {100.25 USD, 2022-01-10}
  Assets:US:Vanguard:Cash                         -240.00 USD

2022-01-10 * "Investing 60% of cash in RGAGX"
  Assets:US:Vanguard:RGAGX                          2.244 RGAGX {160.40 USD, 2022-01-10}
  Assets:US:Vanguard:Cash                         -359.94 USD

2022-01-21 * "Employer match for contribution"
  Assets:US:Vanguard:Cash                          600.00 USD
  Income:US:Babble:Match401k                      -600.00 USD

2022-01-24 * "Investing 40% of cash in VBMPX"
  Assets:US:Vanguard:VBMPX                          4.761 VBMPX {100.82 USD, 2022-01-24}
  Assets:US:Vanguard:Cash                         -480.00 USD

2022-01-24 * "Investing 60% of cash in RGAGX"
  Assets:US:Vanguard:RGAGX                          4.424 RGAGX {162.75 USD, 2022-01-24}
  Assets:US:Vanguard:Cash                         -720.01 USD

2022-01-24 * "Investing 40% of cash in VBMPX"
  Assets:US:Vanguard:VBMPX                          2.381 VBMPX {100.82 USD, 2022-01-24}
  Assets:US:Vanguard:Cash                         -240.05 USD

2022-01-24 * "Investing 60% of cash in RGAGX"
  Assets:US:Vanguard:RGAGX                          2.212 RGAGX {162.75 USD, 2022-01-24}
  Assets:US:Vanguard:Cash                         -360.00 USD

2022-02-04 * "Employer match for contribution"
  Assets:US:Vanguard:Cash                          600.00 USD
  Income:US:Babble:Match401k                      -600.00 USD

2022-02-07 * "Investing 40% of cash in VBMPX"
  Assets:US:Vanguard:VBMPX                          4.867 VBMPX {98.63 USD, 2022-02-07}
  Assets:US:Vanguard:Cash                         -480.03 USD

2022-02-07 * "Investing 60% of cash in RGAGX"
  Assets:US:Vanguard:RGAGX                          4.461 RGAGX {161.41 USD, 2022-02-07}
  Assets:US:Vanguard:Cash                         -720.05 USD

2022-02-07 * "Investing 40% of cash in VBMPX"
  Assets:US:Vanguard:VBMPX                          2.433 VBMPX {98.63 USD, 2022-02-07}
  Assets:US:Vanguard:Cash                         -239.97 USD

2022-02-07 * "Investing 60% of cash in RGAGX"
  Assets:US:Vanguard:RGAGX                          2.230 RGAGX {161.41 USD, 2022-02-07}
  Assets:US:Vanguard:Cash                         -359.94 USD

2022-02-18 * "Employer match for contribution"
  Assets:US:Vanguard:Cash                          600.00 USD
  Income:US:Babble:Match401k                      -600.00 USD

2022-02-21 * "Investing 40% of cash in VBMPX"
  Assets:US:Vanguard:VBMPX                          4.800 VBMPX {99.99 USD, 2022-02-21}
  Assets:US:Vanguard:Cash                         -479.95 USD

2022-02-21 * "Investing 60% of cash in RGAGX"
  Assets:US:Vanguard:RGAGX                          4.258 RGAGX {169.08 USD, 2022-02-21}
  Assets:US:Vanguard:Cash                         -719.94 USD

2022-02-21 * "Investing 40% of cash in VBMPX"
  Assets:US:Vanguard:VBMPX                          2.401 VBMPX {99.99 USD, 2022-02-21}
  Assets:US:Vanguard:Cash                         -240.08 USD

2022-02-21 * "Investing 60% of cash in RGAGX"
  Assets:US:Vanguard:RGAGX                          2.130 RGAGX {169.08 USD, 2022-02-21}
  Assets:US:Vanguard:Cash                         -360.14 USD

2022-03-04 * "Employer match for contribution"
  Assets:US:Vanguard:Cash                          600.00 USD
  Income:US:Babble:Match401k                      -600.00 USD

2022-03-07 * "Investing 40% of cash in VBMPX"
  Assets:US:Vanguard:VBMPX                          4.733 VBMPX {101.40 USD, 2022-03-07}
  Assets:US:Vanguard:Cash                         -479.93 USD

2022-03-07 * "Investing 60% of cash in RGAGX"
  Assets:US:Vanguard:RGAGX                          4.265 RGAGX {168.81 USD, 2022-03-07}
  Assets:US:Vanguard:Cash                         -719.97 USD

2022-03-07 * "Investing 40% of cash in VBMPX"
  Assets:US:Vanguard:VBMPX                          2.367 VBMPX {101.40 USD, 2022-03-07}
  Assets:US:Vanguard:Cash                         -240.01 USD

2022-03-07 * "Investing 60% of cash in RGAGX"
  Assets:US:Vanguard:RGAGX                          2.133 RGAGX {168.81 USD, 2022-03-07}
  Assets:US:Vanguard:Cash                         -360.07 USD

2022-03-18 * "Employer match for contribution"
  Assets:US:Vanguard:Cash                          600.00 USD
  Income:US:Babble:Match401k                      -600.00 USD

2022-03-21 * "Investing 40% of cash in VBMPX"
  Assets:US:Vanguard:VBMPX                          4.678 VBMPX {102.61 USD, 2022-03-21}
  Assets:US:Vanguard:Cash                         -480.01 USD

2022-03-21 * "Investing 60% of cash in RGAGX"
  Assets:US:Vanguard:RGAGX                          4.431 RGAGX {162.48 USD, 2022-03-21}
  Assets:US:Vanguard:Cash                         -719.95 USD

2022-03-21 * "Investing 40% of cash in VBMPX"
  Assets:US:Vanguard:VBMPX                          2.339 VBMPX {102.61 USD, 2022-03-21}
  Assets:US:Vanguard:Cash                         -240.00 USD

2022-03-21 * "Investing 60% of cash in RGAGX"
  Assets:US:Vanguard:RGAGX                          2.215 RGAGX {162.48 USD, 2022-03-21}
  Assets:US:Vanguard:Cash                         -359.89 USD

2022-04-01 * "Employer match for contribution"
  Assets:US:Vanguard:Cash                          600.00 USD
  Income:US:Babble:Match401k                      -600.00 USD

2022-04-04 * "Investing 40% of cash in VBMPX"
  Assets:US:Vanguard:VBMPX                          4.685 VBMPX {102.46 USD, 2022-04-04}
  Assets:US:Vanguard:Cash                         -480.03 USD

2022-04-04 * "Investing 60% of cash in RGAGX"
  Assets:US:Vanguard:RGAGX                          4.477 RGAGX {160.84 USD, 2022-04-04}
  Assets:US:Vanguard:Cash                         -720.08 USD

2022-04-04 * "Investing 40% of cash in VBMPX"
  Assets:US:Vanguard:VBMPX                          2.342 VBMPX {102.46 USD, 2022-04-04}
  Assets:US:Vanguard:Cash                         -239.96 USD

2022-04-04 * "Investing 60% of cash in RGAGX"
  Assets:US:Vanguard:RGAGX                          2.238 RGAGX {160.84 USD, 2022-04-04}
  Assets:US:Vanguard:Cash                         -359.96 USD

2022-04-15 * "Employer match for contribution"
  Assets:US:Vanguard:Cash                          600.00 USD
  Income:US:Babble:Match401k                      -600.00 USD

2022-04-18 * "Investing 40% of cash in VBMPX"
  Assets:US:Vanguard:VBMPX                          4.683 VBMPX {102.51 USD, 2022-04-18}
  Assets:US:Vanguard:Cash                         -480.05 USD

2022-04-18 * "Investing 60% of cash in RGAGX"
  Assets:US:Vanguard:RGAGX                          4.262 RGAGX {168.94 USD, 2022-04-18}
  Assets:US:Vanguard:Cash                         -720.02 USD

2022-04-18 * "Investing 40% of cash in VBMPX"
  Assets:US:Vanguard:VBMPX                          2.341 VBMPX {102.51 USD, 2022-04-18}
  Assets:US:Vanguard:Cash                         -239.98 USD

2022-04-18 * "Investing 60% of cash in RGAGX"
  Assets:US:Vanguard:RGAGX                          2.131 RGAGX {168.94 USD, 2022-04-18}
  Assets:US:Vanguard:Cash                         -360.01 USD

2022-04-29 * "Employer match for contribution"
  Assets:US:Vanguard:Cash                          600.00 USD
  Income:US:Babble:Match401k                      -600.00 USD

2022-05-02 * "Investing 40% of cash in VBMPX"
  Assets:US:Vanguard:VBMPX                          4.501 VBMPX {106.63 USD, 2022-05-02}
  Assets:US:Vanguard:Cash                         -479.94 USD

2022-05-02 * "Investing 60% of cash in RGAGX"
  Assets:US:Vanguard:RGAGX                          4.312 RGAGX {166.96 USD, 2022-05-02}
  Assets:US:Vanguard:Cash                         -719.93 USD

2022-05-02 * "Investing 40% of cash in VBMPX"
  Assets:US:Vanguard:VBMPX                          2.251 VBMPX {106.63 USD, 2022-05-02}
  Assets:US:Vanguard:Cash                         -240.02 USD

2022-05-02 * "Investing 60% of cash in RGAGX"
  Assets:US:Vanguard:RGAGX                          2.157 RGAGX {166.96 USD, 2022-05-02}
  Assets:US:Vanguard:Cash                         -360.13 USD

2022-05-13 * "Employer match for contribution"
  Assets:US:Vanguard:Cash                          600.00 USD
  Income:US:Babble:Match401k                      -600.00 USD

2022-05-16 * "Investing 40% of cash in VBMPX"
  Assets:US:Vanguard:VBMPX                          4.445 VBMPX {107.99 USD, 2022-05-16}
  Assets:US:Vanguard:Cash                         -480.02 USD

2022-05-16 * "Investing 60% of cash in RGAGX"
  Assets:US:Vanguard:RGAGX                          4.038 RGAGX {178.29 USD, 2022-05-16}
  Assets:US:Vanguard:Cash                         -719.94 USD

2022-05-16 * "Investing 40% of cash in VBMPX"
  Assets:US:Vanguard:VBMPX                          2.222 VBMPX {107.99 USD, 2022-05-16}
  Assets:US:Vanguard:Cash                         -239.95 USD

2022-05-16 * "Investing 60% of cash in RGAGX"
  Assets:US:Vanguard:RGAGX                          2.019 RGAGX {178.29 USD, 2022-05-16}
  Assets:US:Vanguard:Cash                         -359.97 USD

2022-05-27 * "Employer match for contribution"
  Assets:US:Vanguard:Cash                          600.00 USD
  Income:US:Babble:Match401k                      -600.00 USD

2022-05-30 * "Investing 40% of cash in VBMPX"
  Assets:US:Vanguard:VBMPX                          4.357 VBMPX {110.18 USD, 2022-05-30}
  Assets:US:Vanguard:Cash                         -480.05 USD

2022-05-30 * "Investing 60% of cash in RGAGX"
  Assets:US:Vanguard:RGAGX                          4.016 RGAGX {179.31 USD, 2022-05-30}
  Assets:US:Vanguard:Cash                         -720.11 USD

2022-05-30 * "Investing 40% of cash in VBMPX"
  Assets:US:Vanguard:VBMPX                          2.178 VBMPX {110.18 USD, 2022-05-30}
  Assets:US:Vanguard:Cash                         -239.97 USD

2022-05-30 * "Investing 60% of cash in RGAGX"
  Assets:US:Vanguard:RGAGX                          2.007 RGAGX {179.31 USD, 2022-05-30}
  Assets:US:Vanguard:Cash                         -359.88 USD

2022-06-10 * "Employer match for contribution"
  Assets:US:Vanguard:Cash                          600.00 USD
  Income:US:Babble:Match401k                      -600.00 USD

2022-06-13 * "Investing 40% of cash in VBMPX"
  Assets:US:Vanguard:VBMPX                          4.257 VBMPX {112.76 USD, 2022-06-13}
  Assets:US:Vanguard:Cash                         -480.02 USD

2022-06-13 * "Investing 60% of cash in RGAGX"
  Assets:US:Vanguard:RGAGX                          3.845 RGAGX {187.25 USD, 2022-06-13}
  Assets:US:Vanguard:Cash                         -719.98 USD

2022-06-13 * "Investing 40% of cash in VBMPX"
  Assets:US:Vanguard:VBMPX                          2.129 VBMPX {112.76 USD, 2022-06-13}
  Assets:US:Vanguard:Cash                         -240.07 USD

2022-06-13 * "Investing 60% of cash in RGAGX"
  Assets:US:Vanguard:RGAGX                          1.923 RGAGX {187.25 USD, 2022-06-13}
  Assets:US:Vanguard:Cash                         -360.08 USD

2022-06-24 * "Employer match for contribution"
  Assets:US:Vanguard:Cash                          600.00 USD
  Income:US:Babble:Match401k                      -600.00 USD

2022-06-27 * "Investing 40% of cash in VBMPX"
  Assets:US:Vanguard:VBMPX                          4.230 VBMPX {113.48 USD, 2022-06-27}
  Assets:US:Vanguard:Cash                         -480.02 USD

2022-06-27 * "Investing 60% of cash in RGAGX"
  Assets:US:Vanguard:RGAGX                          3.825 RGAGX {188.20 USD, 2022-06-27}
  Assets:US:Vanguard:Cash                         -719.86 USD

2022-06-27 * "Investing 40% of cash in VBMPX"
  Assets:US:Vanguard:VBMPX                          2.115 VBMPX {113.48 USD, 2022-06-27}
  Assets:US:Vanguard:Cash                         -240.01 USD

2022-06-27 * "Investing 60% of cash in RGAGX"
  Assets:US:Vanguard:RGAGX                          1.913 RGAGX {188.20 USD, 2022-06-27}
  Assets:US:Vanguard:Cash                         -360.03 USD

2022-07-08 * "Employer match for contribution"
  Assets:US:Vanguard:Cash                          600.00 USD
  Income:US:Babble:Match401k                      -600.00 USD

2022-07-11 * "Investing 40% of cash in VBMPX"
  Assets:US:Vanguard:VBMPX                          4.394 VBMPX {109.25 USD, 2022-07-11}
  Assets:US:Vanguard:Cash                         -480.04 USD

2022-07-11 * "Investing 60% of cash in RGAGX"
  Assets:US:Vanguard:RGAGX                          3.743 RGAGX {192.38 USD, 2022-07-11}
  Assets:US:Vanguard:Cash                         -720.08 USD

2022-07-11 * "Investing 40% of cash in VBMPX"
  Assets:US:Vanguard:VBMPX                          2.196 VBMPX {109.25 USD, 2022-07-11}
  Assets:US:Vanguard:Cash                         -239.91 USD

2022-07-11 * "Investing 60% of cash in RGAGX"
  Assets:US:Vanguard:RGAGX                          1.871 RGAGX {192.38 USD, 2022-07-11}
  Assets:US:Vanguard:Cash                         -359.94 USD

2022-07-22 * "Employer match for contribution"
  Assets:US:Vanguard:Cash                          600.00 USD
  Income:US:Babble:Match401k                      -600.00 USD

2022-07-25 * "Investing 40% of cash in VBMPX"
  Assets:US:Vanguard:VBMPX                          4.298 VBMPX {111.69 USD, 2022-07-25}
  Assets:US:Vanguard:Cash                         -480.04 USD

2022-07-25 * "Investing 60% of cash in RGAGX"
  Assets:US:Vanguard:RGAGX                          3.747 RGAGX {192.18 USD, 2022-07-25}
  Assets:US:Vanguard:Cash                         -720.10 USD

2022-07-25 * "Investing 40% of cash in VBMPX"
  Assets:US:Vanguard:VBMPX                          2.148 VBMPX {111.69 USD, 2022-07-25}
  Assets:US:Vanguard:Cash                         -239.91 USD

2022-07-25 * "Investing 60% of cash in RGAGX"
  Assets:US:Vanguard:RGAGX                          1.873 RGAGX {192.18 USD, 2022-07-25}
  Assets:US:Vanguard:Cash                         -359.95 USD

2022-08-05 * "Employer match for contribution"
  Assets:US:Vanguard:Cash                          250.00 USD
  Income:US:Babble:Match401k                      -250.00 USD

2022-08-08 * "Investing 40% of cash in VBMPX"
  Assets:US:Vanguard:VBMPX                          1.828 VBMPX {109.42 USD, 2022-08-08}
  Assets:US:Vanguard:Cash                         -200.02 USD

2022-08-08 * "Investing 60% of cash in RGAGX"
  Assets:US:Vanguard:RGAGX                          1.471 RGAGX {203.93 USD, 2022-08-08}
  Assets:US:Vanguard:Cash                         -299.98 USD

2022-08-08 * "Investing 40% of cash in VBMPX"
  Assets:US:Vanguard:VBMPX                          0.914 VBMPX {109.42 USD, 2022-08-08}
  Assets:US:Vanguard:Cash                         -100.01 USD

2022-08-08 * "Investing 60% of cash in RGAGX"
  Assets:US:Vanguard:RGAGX                          0.736 RGAGX {203.93 USD, 2022-08-08}
  Assets:US:Vanguard:Cash                         -150.09 USD

2023-01-06 * "Employer match for contribution"
  Assets:US:Vanguard:Cash                          600.00 USD
  Income:US:Babble:Match401k                      -600.00 USD

2023-01-09 * "Investing 40% of cash in VBMPX"
  Assets:US:Vanguard:VBMPX                          4.146 VBMPX {115.77 USD, 2023-01-09}
  Assets:US:Vanguard:Cash                         -479.98 USD

2023-01-09 * "Investing 60% of cash in RGAGX"
  Assets:US:Vanguard:RGAGX                          3.746 RGAGX {192.17 USD, 2023-01-09}
  Assets:US:Vanguard:Cash                         -719.87 USD

2023-01-09 * "Investing 40% of cash in VBMPX"
  Assets:US:Vanguard:VBMPX                          2.073 VBMPX {115.77 USD, 2023-01-09}
  Assets:US:Vanguard:Cash                         -239.99 USD

2023-01-09 * "Investing 60% of cash in RGAGX"
  Assets:US:Vanguard:RGAGX                          1.874 RGAGX {192.17 USD, 2023-01-09}
  Assets:US:Vanguard:Cash                         -360.13 USD

2023-01-20 * "Employer match for contribution"
  Assets:US:Vanguard:Cash                          600.00 USD
  Income:US:Babble:Match401k                      -600.00 USD

2023-01-23 * "Investing 40% of cash in VBMPX"
  Assets:US:Vanguard:VBMPX                          4.144 VBMPX {115.83 USD, 2023-01-23}
  Assets:US:Vanguard:Cash                         -480.00 USD

2023-01-23 * "Investing 60% of cash in RGAGX"
  Assets:US:Vanguard:RGAGX                          3.788 RGAGX {190.06 USD, 2023-01-23}
  Assets:US:Vanguard:Cash                         -719.95 USD

2023-01-23 * "Investing 40% of cash in VBMPX"
  Assets:US:Vanguard:VBMPX                          2.072 VBMPX {115.83 USD, 2023-01-23}
  Assets:US:Vanguard:Cash                         -240.00 USD

2023-01-23 * "Investing 60% of cash in RGAGX"
  Assets:US:Vanguard:RGAGX                          1.894 RGAGX {190.06 USD, 2023-01-23}
  Assets:US:Vanguard:Cash                         -359.97 USD

2023-02-03 * "Employer match for contribution"
  Assets:US:Vanguard:Cash                          600.00 USD
  Income:US:Babble:Match401k                      -600.00 USD

2023-02-06 * "Investing 40% of cash in VBMPX"
  Assets:US:Vanguard:VBMPX                          4.144 VBMPX {115.84 USD, 2023-02-06}
  Assets:US:Vanguard:Cash                         -480.04 USD

2023-02-06 * "Investing 60% of cash in RGAGX"
  Assets:US:Vanguard:RGAGX                          3.809 RGAGX {189.01 USD, 2023-02-06}
  Assets:US:Vanguard:Cash                         -719.94 USD

2023-02-06 * "Investing 40% of cash in VBMPX"
  Assets:US:Vanguard:VBMPX                          2.072 VBMPX {115.84 USD, 2023-02-06}
  Assets:US:Vanguard:Cash                         -240.02 USD

2023-02-06 * "Investing 60% of cash in RGAGX"
  Assets:US:Vanguard:RGAGX                          1.905 RGAGX {189.01 USD, 2023-02-06}
  Assets:US:Vanguard:Cash                         -360.06 USD

2023-02-17 * "Employer match for contribution"
  Assets:US:Vanguard:Cash                          600.00 USD
  Income:US:Babble:Match401k                      -600.00 USD

2023-02-20 * "Investing 40% of cash in VBMPX"
  Assets:US:Vanguard:VBMPX                          4.126 VBMPX {116.32 USD, 2023-02-20}
  Assets:US:Vanguard:Cash                         -479.94 USD

2023-02-20 * "Investing 60% of cash in RGAGX"
  Assets:US:Vanguard:RGAGX                          3.671 RGAGX {196.13 USD, 2023-02-20}
  Assets:US:Vanguard:Cash                         -719.99 USD

2023-02-20 * "Investing 40% of cash in VBMPX"
  Assets:US:Vanguard:VBMPX                          2.063 VBMPX {116.32 USD, 2023-02-20}
  Assets:US:Vanguard:Cash                         -239.97 USD

2023-02-20 * "Investing 60% of cash in RGAGX"
  Assets:US:Vanguard:RGAGX                          1.836 RGAGX {196.13 USD, 2023-02-20}
  Assets:US:Vanguard:Cash                         -360.09 USD

2023-03-03 * "Employer match for contribution"
  Assets:US:Vanguard:Cash                          600.00 USD
  Income:US:Babble:Match401k                      -600.00 USD

2023-03-06 * "Investing 40% of cash in VBMPX"
  Assets:US:Vanguard:VBMPX                          4.107 VBMPX {116.87 USD, 2023-03-06}
  Assets:US:Vanguard:Cash                         -479.99 USD

2023-03-06 * "Investing 60% of cash in RGAGX"
  Assets:US:Vanguard:RGAGX                          3.682 RGAGX {195.56 USD, 2023-03-06}
  Assets:US:Vanguard:Cash                         -720.05 USD

2023-03-06 * "Investing 40% of cash in VBMPX"
  Assets:US:Vanguard:VBMPX                          2.053 VBMPX {116.87 USD, 2023-03-06}
  Assets:US:Vanguard:Cash                         -239.93 USD

2023-03-06 * "Investing 60% of cash in RGAGX"
  Assets:US:Vanguard:RGAGX                          1.841 RGAGX {195.56 USD, 2023-03-06}
  Assets:US:Vanguard:Cash                         -360.03 USD

2023-03-17 * "Employer match for contribution"
  Assets:US:Vanguard:Cash                          600.00 USD
  Income:US:Babble:Match401k                      -600.00 USD

2023-03-20 * "Investing 40% of cash in VBMPX"
  Assets:US:Vanguard:VBMPX                          4.006 VBMPX {119.83 USD, 2023-03-20}
  Assets:US:Vanguard:Cash                         -480.04 USD

2023-03-20 * "Investing 60% of cash in RGAGX"
  Assets:US:Vanguard:RGAGX                          3.609 RGAGX {199.48 USD, 2023-03-20}
  Assets:US:Vanguard:Cash                         -719.92 USD

2023-03-20 * "Investing 40% of cash in VBMPX"
  Assets:US:Vanguard:VBMPX                          2.003 VBMPX {119.83 USD, 2023-03-20}
  Assets:US:Vanguard:Cash                         -240.02 USD

2023-03-20 * "Investing 60% of cash in RGAGX"
  Assets:US:Vanguard:RGAGX                          1.805 RGAGX {199.48 USD, 2023-03-20}
  Assets:US:Vanguard:Cash                         -360.06 USD

2023-03-31 * "Employer match for contribution"
  Assets:US:Vanguard:Cash                          600.00 USD
  Income:US:Babble:Match401k                      -600.00 USD

2023-04-03 * "Investing 40% of cash in VBMPX"
  Assets:US:Vanguard:VBMPX                          3.895 VBMPX {123.23 USD, 2023-04-03}
  Assets:US:Vanguard:Cash                         -479.98 USD

2023-04-03 * "Investing 60% of cash in RGAGX"
  Assets:US:Vanguard:RGAGX                          3.604 RGAGX {199.77 USD, 2023-04-03}
  Assets:US:Vanguard:Cash                         -719.97 USD

2023-04-03 * "Investing 40% of cash in VBMPX"
  Assets:US:Vanguard:VBMPX                          1.948 VBMPX {123.23 USD, 2023-04-03}
  Assets:US:Vanguard:Cash                         -240.05 USD

2023-04-03 * "Investing 60% of cash in RGAGX"
  Assets:US:Vanguard:RGAGX                          1.802 RGAGX {199.77 USD, 2023-04-03}
  Assets:US:Vanguard:Cash                         -359.99 USD

2023-04-14 * "Employer match for contribution"
  Assets:US:Vanguard:Cash                          600.00 USD
  Income:US:Babble:Match401k                      -600.00 USD

2023-04-17 * "Investing 40% of cash in VBMPX"
  Assets:US:Vanguard:VBMPX                          3.879 VBMPX {123.73 USD, 2023-04-17}
  Assets:US:Vanguard:Cash                         -479.95 USD

2023-04-17 * "Investing 60% of cash in RGAGX"
  Assets:US:Vanguard:RGAGX                          3.562 RGAGX {202.11 USD, 2023-04-17}
  Assets:US:Vanguard:Cash                         -719.92 USD

2023-04-17 * "Investing 40% of cash in VBMPX"
  Assets:US:Vanguard:VBMPX                          1.940 VBMPX {123.73 USD, 2023-04-17}
  Assets:US:Vanguard:Cash                         -240.04 USD

2023-04-17 * "Investing 60% of cash in RGAGX"
  Assets:US:Vanguard:RGAGX                          1.781 RGAGX {202.11 USD, 2023-04-17}
  Assets:US:Vanguard:Cash                         -359.96 USD

2023-04-28 * "Employer match for contribution"
  Assets:US:Vanguard:Cash                          600.00 USD
  Income:US:Babble:Match401k                      -600.00 USD

2023-05-01 * "Investing 40% of cash in VBMPX"
  Assets:US:Vanguard:VBMPX                          3.920 VBMPX {122.46 USD, 2023-05-01}
  Assets:US:Vanguard:Cash                         -480.04 USD

2023-05-01 * "Investing 60% of cash in RGAGX"
  Assets:US:Vanguard:RGAGX                          3.407 RGAGX {211.32 USD, 2023-05-01}
  Assets:US:Vanguard:Cash                         -719.97 USD

2023-05-01 * "Investing 40% of cash in VBMPX"
  Assets:US:Vanguard:VBMPX                          1.960 VBMPX {122.46 USD, 2023-05-01}
  Assets:US:Vanguard:Cash                         -240.02 USD

2023-05-01 * "Investing 60% of cash in RGAGX"
  Assets:US:Vanguard:RGAGX                          1.704 RGAGX {211.32 USD, 2023-05-01}
  Assets:US:Vanguard:Cash                         -360.09 USD

2023-05-12 * "Employer match for contribution"
  Assets:US:Vanguard:Cash                          600.00 USD
  Income:US:Babble:Match401k                      -600.00 USD

2023-05-15 * "Investing 40% of cash in VBMPX"
  Assets:US:Vanguard:VBMPX                          4.005 VBMPX {119.85 USD, 2023-05-15}
  Assets:US:Vanguard:Cash                         -480.00 USD

2023-05-15 * "Investing 60% of cash in RGAGX"
  Assets:US:Vanguard:RGAGX                          3.316 RGAGX {217.09 USD, 2023-05-15}
  Assets:US:Vanguard:Cash                         -719.87 USD

2023-05-15 * "Investing 40% of cash in VBMPX"
  Assets:US:Vanguard:VBMPX                          2.003 VBMPX {119.85 USD, 2023-05-15}
  Assets:US:Vanguard:Cash                         -240.06 USD

2023-05-15 * "Investing 60% of cash in RGAGX"
  Assets:US:Vanguard:RGAGX                          1.659 RGAGX {217.09 USD, 2023-05-15}
  Assets:US:Vanguard:Cash                         -360.15 USD

2023-05-26 * "Employer match for contribution"
  Assets:US:Vanguard:Cash                          600.00 USD
  Income:US:Babble:Match401k                      -600.00 USD

2023-05-29 * "Investing 40% of cash in VBMPX"
  Assets:US:Vanguard:VBMPX                          3.978 VBMPX {120.65 USD, 2023-05-29}
  Assets:US:Vanguard:Cash                         -479.95 USD

2023-05-29 * "Investing 60% of cash in RGAGX"
  Assets:US:Vanguard:RGAGX                          3.495 RGAGX {205.97 USD, 2023-05-29}
  Assets:US:Vanguard:Cash                         -719.87 USD

2023-05-29 * "Investing 40% of cash in VBMPX"
  Assets:US:Vanguard:VBMPX                          1.989 VBMPX {120.65 USD, 2023-05-29}
  Assets:US:Vanguard:Cash                         -239.97 USD

2023-05-29 * "Investing 60% of cash in RGAGX"
  Assets:US:Vanguard:RGAGX                          1.748 RGAGX {205.97 USD, 2023-05-29}
  Assets:US:Vanguard:Cash                         -360.04 USD

2023-06-09 * "Employer match for contribution"
  Assets:US:Vanguard:Cash                          600.00 USD
  Income:US:Babble:Match401k                      -600.00 USD

2023-06-12 * "Investing 40% of cash in VBMPX"
  Assets:US:Vanguard:VBMPX                          3.919 VBMPX {122.50 USD, 2023-06-12}
  Assets:US:Vanguard:Cash                         -480.08 USD

2023-06-12 * "Investing 60% of cash in RGAGX"
  Assets:US:Vanguard:RGAGX                          3.534 RGAGX {203.75 USD, 2023-06-12}
  Assets:US:Vanguard:Cash                         -720.05 USD

2023-06-12 * "Investing 40% of cash in VBMPX"
  Assets:US:Vanguard:VBMPX                          1.959 VBMPX {122.50 USD, 2023-06-12}
  Assets:US:Vanguard:Cash                         -239.98 USD

2023-06-12 * "Investing 60% of cash in RGAGX"
  Assets:US:Vanguard:RGAGX                          1.767 RGAGX {203.75 USD, 2023-06-12}
  Assets:US:Vanguard:Cash                         -360.03 USD

2023-06-23 * "Employer match for contribution"
  Assets:US:Vanguard:Cash                          600.00 USD
  Income:US:Babble:Match401k                      -600.00 USD

2023-06-26 * "Investing 40% of cash in VBMPX"
  Assets:US:Vanguard:VBMPX                          3.824 VBMPX {125.51 USD, 2023-06-26}
  Assets:US:Vanguard:Cash                         -479.95 USD

2023-06-26 * "Investing 60% of cash in RGAGX"
  Assets:US:Vanguard:RGAGX                          3.768 RGAGX {191.05 USD, 2023-06-26}
  Assets:US:Vanguard:Cash                         -719.88 USD

2023-06-26 * "Investing 40% of cash in VBMPX"
  Assets:US:Vanguard:VBMPX                          1.912 VBMPX {125.51 USD, 2023-06-26}
  Assets:US:Vanguard:Cash                         -239.98 USD

2023-06-26 * "Investing 60% of cash in RGAGX"
  Assets:US:Vanguard:RGAGX                          1.885 RGAGX {191.05 USD, 2023-06-26}
  Assets:US:Vanguard:Cash                         -360.13 USD

2023-07-07 * "Employer match for contribution"
  Assets:US:Vanguard:Cash                          600.00 USD
  Income:US:Babble:Match401k                      -600.00 USD

2023-07-10 * "Investing 40% of cash in VBMPX"
  Assets:US:Vanguard:VBMPX                          3.894 VBMPX {123.25 USD, 2023-07-10}
  Assets:US:Vanguard:Cash                         -479.94 USD

2023-07-10 * "Investing 60% of cash in RGAGX"
  Assets:US:Vanguard:RGAGX                          3.682 RGAGX {195.56 USD, 2023-07-10}
  Assets:US:Vanguard:Cash                         -720.05 USD

2023-07-10 * "Investing 40% of cash in VBMPX"
  Assets:US:Vanguard:VBMPX                          1.947 VBMPX {123.25 USD, 2023-07-10}
  Assets:US:Vanguard:Cash                         -239.97 USD

2023-07-10 * "Investing 60% of cash in RGAGX"
  Assets:US:Vanguard:RGAGX                          1.841 RGAGX {195.56 USD, 2023-07-10}
  Assets:US:Vanguard:Cash                         -360.03 USD

2023-07-21 * "Employer match for contribution"
  Assets:US:Vanguard:Cash                          600.00 USD
  Income:US:Babble:Match401k                      -600.00 USD

2023-07-24 * "Investing 40% of cash in VBMPX"
  Assets:US:Vanguard:VBMPX                          3.850 VBMPX {124.67 USD, 2023-07-24}
  Assets:US:Vanguard:Cash                         -479.98 USD

2023-07-24 * "Investing 60% of cash in RGAGX"
  Assets:US:Vanguard:RGAGX                          3.530 RGAGX {203.96 USD, 2023-07-24}
  Assets:US:Vanguard:Cash                         -719.98 USD

2023-07-24 * "Investing 40% of cash in VBMPX"
  Assets:US:Vanguard:VBMPX                          1.925 VBMPX {124.67 USD, 2023-07-24}
  Assets:US:Vanguard:Cash                         -239.99 USD

2023-07-24 * "Investing 60% of cash in RGAGX"
  Assets:US:Vanguard:RGAGX                          1.765 RGAGX {203.96 USD, 2023-07-24}
  Assets:US:Vanguard:Cash                         -359.99 USD

2023-08-04 * "Employer match for contribution"
  Assets:US:Vanguard:Cash                          250.00 USD
  Income:US:Babble:Match401k                      -250.00 USD

2023-08-07 * "Investing 40% of cash in VBMPX"
  Assets:US:Vanguard:VBMPX                          1.596 VBMPX {125.34 USD, 2023-08-07}
  Assets:US:Vanguard:Cash                         -200.04 USD

2023-08-07 * "Investing 60% of cash in RGAGX"
  Assets:US:Vanguard:RGAGX                          1.454 RGAGX {206.36 USD, 2023-08-07}
  Assets:US:Vanguard:Cash                         -300.05 USD

2023-08-07 * "Investing 40% of cash in VBMPX"
  Assets:US:Vanguard:VBMPX                          0.798 VBMPX {125.34 USD, 2023-08-07}
  Assets:US:Vanguard:Cash                         -100.02 USD

2023-08-07 * "Investing 60% of cash in RGAGX"
  Assets:US:Vanguard:RGAGX                          0.727 RGAGX {206.36 USD, 2023-08-07}
  Assets:US:Vanguard:Cash                         -150.02 USD



* Sources of Income

2021-01-01 open Income:US:Babble:Salary                      USD
2021-01-01 open Income:US:Babble:GroupTermLife               USD
2021-01-01 open Income:US:Babble:Vacation                    VACHR
2021-01-01 open Assets:US:Babble:Vacation                    VACHR
2021-01-01 open Expenses:Vacation                               VACHR
2021-01-01 open Expenses:Health:Life:GroupTermLife
2021-01-01 open Expenses:Health:Medical:Insurance
2021-01-01 open Expenses:Health:Dental:Insurance
2021-01-01 open Expenses:Health:Vision:Insurance

2021-01-01 event "employer" "Babble, 1 Continuous Loop, Bupertina, CA"

2021-01-07 * "Babble" "Payroll"
  Assets:US:BofA:Checking                         1350.60 USD
  Assets:US:Vanguard:Cash                         1200.00 USD
  Income:US:Babble:Salary                        -4615.38 USD
  Income:US:Babble:GroupTermLife                   -24.32 USD
  Expenses:Health:Life:GroupTermLife                24.32 USD
  Expenses:Health:Dental:Insurance                   2.90 USD
  Expenses:Health:Medical:Insurance                 27.38 USD
  Expenses:Health:Vision:Insurance                  42.30 USD
  Expenses:Taxes:Y2021:US:Medicare                 106.62 USD
  Expenses:Taxes:Y2021:US:Federal                 1062.92 USD
  Expenses:Taxes:Y2021:US:State                    365.08 USD
  Expenses:Taxes:Y2021:US:CityNYC                  174.92 USD
  Expenses:Taxes:Y2021:US:SDI                        1.12 USD
  Expenses:Taxes:Y2021:US:SocSec                   281.54 USD
  Assets:US:Federal:PreTax401k                   -1200.00 IRAUSD
  Expenses:Taxes:Y2021:US:Federal:PreTax401k      1200.00 IRAUSD
  Assets:US:Babble:Vacation                             5 VACHR
  Income:US:Babble:Vacation                            -5 VACHR

2021-01-21 * "Babble" "Payroll"
  Assets:US:BofA:Checking                         1350.60 USD
  Assets:US:Vanguard:Cash                         1200.00 USD
  Income:US:Babble:Salary                        -4615.38 USD
  Income:US:Babble:GroupTermLife                   -24.32 USD
  Expenses:Health:Life:GroupTermLife                24.32 USD
  Expenses:Health:Dental:Insurance                   2.90 USD
  Expenses:Health:Medical:Insurance                 27.38 USD
  Expenses:Health:Vision:Insurance                  42.30 USD
  Expenses:Taxes:Y2021:US:Medicare                 106.62 USD
  Expenses:Taxes:Y2021:US:Federal                 1062.92 USD
  Expenses:Taxes:Y2021:US:State                    365.08 USD
  Expenses:Taxes:Y2021:US:CityNYC                  174.92 USD
  Expenses:Taxes:Y2021:US:SDI                        1.12 USD
  Expenses:Taxes:Y2021:US:SocSec                   281.54 USD
  Assets:US:Federal:PreTax401k                   -1200.00 IRAUSD
  Expenses:Taxes:Y2021:US:Federal:PreTax401k      1200.00 IRAUSD
  Assets:US:Babble:Vacation                             5 VACHR
  Income:US:Babble:Vacation                            -5 VACHR

2021-02-04 * "Babble" "Payroll"
  Assets:US:BofA:Checking                         1350.60 USD
  Assets:US:Vanguard:Cash                         1200.00 USD
  Income:US:Babble:Salary                        -4615.38 USD
  Income:US:Babble:GroupTermLife                   -24.32 USD
  Expenses:Health:Life:GroupTermLife                24.32 USD
  Expenses:Health:Dental:Insurance                   2.90 USD
  Expenses:Health:Medical:Insurance                 27.38 USD
  Expenses:Health:Vision:Insurance                  42.30 USD
  Expenses:Taxes:Y2021:US:Medicare                 106.62 USD
  Expenses:Taxes:Y2021:US:Federal                 1062.92 USD
  Expenses:Taxes:Y2021:US:State                    365.08 USD
  Expenses:Taxes:Y2021:US:CityNYC                  174.92 USD
  Expenses:Taxes:Y2021:US:SDI                        1.12 USD
  Expenses:Taxes:Y2021:US:SocSec                   281.54 USD
  Assets:US:Federal:PreTax401k                   -1200.00 IRAUSD
  Expenses:Taxes:Y2021:US:Federal:PreTax401k      1200.00 IRAUSD
  Assets:US:Babble:Vacation                             5 VACHR
  Income:US:Babble:Vacation                            -5 VACHR

2021-02-18 * "Babble" "Payroll"
  Assets:US:BofA:Checking                         1350.60 USD
  Assets:US:Vanguard:Cash                         1200.00 USD
  Income:US:Babble:Salary                        -4615.38 USD
  Income:US:Babble:GroupTermLife                   -24.32 USD
  Expenses:Health:Life:GroupTermLife                24.32 USD
  Expenses:Health:Dental:Insurance                   2.90 USD
  Expenses:Health:Medical:Insurance                 27.38 USD
  Expenses:Health:Vision:Insurance                  42.30 USD
  Expenses:Taxes:Y2021:US:Medicare                 106.62 USD
  Expenses:Taxes:Y2021:US:Federal                 1062.92 USD
  Expenses:Taxes:Y2021:US:State                    365.08 USD
  Expenses:Taxes:Y2021:US:CityNYC                  174.92 USD
  Expenses:Taxes:Y2021:US:SDI                        1.12 USD
  Expenses:Taxes:Y2021:US:SocSec                   281.54 USD
  Assets:US:Federal:PreTax401k                   -1200.00 IRAUSD
  Expenses:Taxes:Y2021:US:Federal:PreTax401k      1200.00 IRAUSD
  Assets:US:Babble:Vacation                             5 VACHR
  Income:US:Babble:Vacation                            -5 VACHR

2021-03-04 * "Babble" "Payroll"
  Assets:US:BofA:Checking                         1350.60 USD
  Assets:US:Vanguard:Cash                         1200.00 USD
  Income:US:Babble:Salary                        -4615.38 USD
  Income:US:Babble:GroupTermLife                   -24.32 USD
  Expenses:Health:Life:GroupTermLife                24.32 USD
  Expenses:Health:Dental:Insurance                   2.90 USD
  Expenses:Health:Medical:Insurance                 27.38 USD
  Expenses:Health:Vision:Insurance                  42.30 USD
  Expenses:Taxes:Y2021:US:Medicare                 106.62 USD
  Expenses:Taxes:Y2021:US:Federal                 1062.92 USD
  Expenses:Taxes:Y2021:US:State                    365.08 USD
  Expenses:Taxes:Y2021:US:CityNYC                  174.92 USD
  Expenses:Taxes:Y2021:US:SDI                        1.12 USD
  Expenses:Taxes:Y2021:US:SocSec                   281.54 USD
  Assets:US:Federal:PreTax401k                   -1200.00 IRAUSD
  Expenses:Taxes:Y2021:US:Federal:PreTax401k      1200.00 IRAUSD
  Assets:US:Babble:Vacation                             5 VACHR
  Income:US:Babble:Vacation                            -5 VACHR

2021-03-18 * "Babble" "Payroll"
  Assets:US:BofA:Checking                         1350.60 USD
  Assets:US:Vanguard:Cash                         1200.00 USD
  Income:US:Babble:Salary                        -4615.38 USD
  Income:US:Babble:GroupTermLife                   -24.32 USD
  Expenses:Health:Life:GroupTermLife                24.32 USD
  Expenses:Health:Dental:Insurance                   2.90 USD
  Expenses:Health:Medical:Insurance                 27.38 USD
  Expenses:Health:Vision:Insurance                  42.30 USD
  Expenses:Taxes:Y2021:US:Medicare                 106.62 USD
  Expenses:Taxes:Y2021:US:Federal                 1062.92 USD
  Expenses:Taxes:Y2021:US:State                    365.08 USD
  Expenses:Taxes:Y2021:US:CityNYC                  174.92 USD
  Expenses:Taxes:Y2021:US:SDI                        1.12 USD
  Expenses:Taxes:Y2021:US:SocSec                   281.54 USD
  Assets:US:Federal:PreTax401k                   -1200.00 IRAUSD
  Expenses:Taxes:Y2021:US:Federal:PreTax401k      1200.00 IRAUSD
  Assets:US:Babble:Vacation                             5 VACHR
  Income:US:Babble:Vacation                            -5 VACHR

2021-04-01 * "Babble" "Payroll"
  Assets:US:BofA:Checking                         1350.60 USD
  Assets:US:Vanguard:Cash                         1200.00 USD
  Income:US:Babble:Salary                        -4615.38 USD
  Income:US:Babble:GroupTermLife                   -24.32 USD
  Expenses:Health:Life:GroupTermLife                24.32 USD
  Expenses:Health:Dental:Insurance                   2.90 USD
  Expenses:Health:Medical:Insurance                 27.38 USD
  Expenses:Health:Vision:Insurance                  42.30 USD
  Expenses:Taxes:Y2021:US:Medicare                 106.62 USD
  Expenses:Taxes:Y2021:US:Federal                 1062.92 USD
  Expenses:Taxes:Y2021:US:State                    365.08 USD
  Expenses:Taxes:Y2021:US:CityNYC                  174.92 USD
  Expenses:Taxes:Y2021:US:SDI                        1.12 USD
  Expenses:Taxes:Y2021:US:SocSec                   281.54 USD
  Assets:US:Federal:PreTax401k                   -1200.00 IRAUSD
  Expenses:Taxes:Y2021:US:Federal:PreTax401k      1200.00 IRAUSD
  Assets:US:Babble:Vacation                             5 VACHR
  Income:US:Babble:Vacation                            -5 VACHR

2021-04-15 * "Babble" "Payroll"
  Assets:US:BofA:Checking                         1350.60 USD
  Assets:US:Vanguard:Cash                         1200.00 USD
  Income:US:Babble:Salary                        -4615.38 USD
  Income:US:Babble:GroupTermLife                   -24.32 USD
  Expenses:Health:Life:GroupTermLife                24.32 USD
  Expenses:Health:Dental:Insurance                   2.90 USD
  Expenses:Health:Medical:Insurance                 27.38 USD
  Expenses:Health:Vision:Insurance                  42.30 USD
  Expenses:Taxes:Y2021:US:Medicare                 106.62 USD
  Expenses:Taxes:Y2021:US:Federal                 1062.92 USD
  Expenses:Taxes:Y2021:US:State                    365.08 USD
  Expenses:Taxes:Y2021:US:CityNYC                  174.92 USD
  Expenses:Taxes:Y2021:US:SDI                        1.12 USD
  Expenses:Taxes:Y2021:US:SocSec                   281.54 USD
  Assets:US:Federal:PreTax401k                   -1200.00 IRAUSD
  Expenses:Taxes:Y2021:US:Federal:PreTax401k      1200.00 IRAUSD
  Assets:US:Babble:Vacation                             5 VACHR
  Income:US:Babble:Vacation                            -5 VACHR

2021-04-29 * "Babble" "Payroll"
  Assets:US:BofA:Checking                         1350.60 USD
  Assets:US:Vanguard:Cash                         1200.00 USD
  Income:US:Babble:Salary                        -4615.38 USD
  Income:US:Babble:GroupTermLife                   -24.32 USD
  Expenses:Health:Life:GroupTermLife                24.32 USD
  Expenses:Health:Dental:Insurance                   2.90 USD
  Expenses:Health:Medical:Insurance                 27.38 USD
  Expenses:Health:Vision:Insurance                  42.30 USD
  Expenses:Taxes:Y2021:US:Medicare                 106.62 USD
  Expenses:Taxes:Y2021:US:Federal                 1062.92 USD
  Expenses:Taxes:Y2021:US:State                    365.08 USD
  Expenses:Taxes:Y2021:US:CityNYC                  174.92 USD
  Expenses:Taxes:Y2021:US:SDI                        1.12 USD
  Expenses:Taxes:Y2021:US:SocSec                   281.54 USD
  Assets:US:Federal:PreTax401k                   -1200.00 IRAUSD
  Expenses:Taxes:Y2021:US:Federal:PreTax401k      1200.00 IRAUSD
  Assets:US:Babble:Vacation                             5 VACHR
  Income:US:Babble:Vacation                            -5 VACHR

2021-05-13 * "Babble" "Payroll"
  Assets:US:BofA:Checking                         1350.60 USD
  Assets:US:Vanguard:Cash                         1200.00 USD
  Income:US:Babble:Salary                        -4615.38 USD
  Income:US:Babble:GroupTermLife                   -24.32 USD
  Expenses:Health:Life:GroupTermLife                24.32 USD
  Expenses:Health:Dental:Insurance                   2.90 USD
  Expenses:Health:Medical:Insurance                 27.38 USD
  Expenses:Health:Vision:Insurance                  42.30 USD
  Expenses:Taxes:Y2021:US:Medicare                 106.62 USD
  Expenses:Taxes:Y2021:US:Federal                 1062.92 USD
  Expenses:Taxes:Y2021:US:State                    365.08 USD
  Expenses:Taxes:Y2021:US:CityNYC                  174.92 USD
  Expenses:Taxes:Y2021:US:SDI                        1.12 USD
  Expenses:Taxes:Y2021:US:SocSec                   281.54 USD
  Assets:US:Federal:PreTax401k                   -1200.00 IRAUSD
  Expenses:Taxes:Y2021:US:Federal:PreTax401k      1200.00 IRAUSD
  Assets:US:Babble:Vacation                             5 VACHR
  Income:US:Babble:Vacation                            -5 VACHR

2021-05-27 * "Babble" "Payroll"
  Assets:US:BofA:Checking                         1350.60 USD
  Assets:US:Vanguard:Cash                         1200.00 USD
  Income:US:Babble:Salary                        -4615.38 USD
  Income:US:Babble:GroupTermLife                   -24.32 USD
  Expenses:Health:Life:GroupTermLife                24.32 USD
  Expenses:Health:Dental:Insurance                   2.90 USD
  Expenses:Health:Medical:Insurance                 27.38 USD
  Expenses:Health:Vision:Insurance                  42.30 USD
  Expenses:Taxes:Y2021:US:Medicare                 106.62 USD
  Expenses:Taxes:Y2021:US:Federal                 1062.92 USD
  Expenses:Taxes:Y2021:US:State                    365.08 USD
  Expenses:Taxes:Y2021:US:CityNYC                  174.92 USD
  Expenses:Taxes:Y2021:US:SDI                        1.12 USD
  Expenses:Taxes:Y2021:US:SocSec                   281.54 USD
  Assets:US:Federal:PreTax401k                   -1200.00 IRAUSD
  Expenses:Taxes:Y2021:US:Federal:PreTax401k      1200.00 IRAUSD
  Assets:US:Babble:Vacation                             5 VACHR
  Income:US:Babble:Vacation                            -5 VACHR

2021-06-10 * "Babble" "Payroll"
  Assets:US:BofA:Checking                         1350.60 USD
  Assets:US:Vanguard:Cash                         1200.00 USD
  Income:US:Babble:Salary                        -4615.38 USD
  Income:US:Babble:GroupTermLife                   -24.32 USD
  Expenses:Health:Life:GroupTermLife                24.32 USD
  Expenses:Health:Dental:Insurance                   2.90 USD
  Expenses:Health:Medical:Insurance                 27.38 USD
  Expenses:Health:Vision:Insurance                  42.30 USD
  Expenses:Taxes:Y2021:US:Medicare                 106.62 USD
  Expenses:Taxes:Y2021:US:Federal                 1062.92 USD
  Expenses:Taxes:Y2021:US:State                    365.08 USD
  Expenses:Taxes:Y2021:US:CityNYC                  174.92 USD
  Expenses:Taxes:Y2021:US:SDI                        1.12 USD
  Expenses:Taxes:Y2021:US:SocSec                   281.54 USD
  Assets:US:Federal:PreTax401k                   -1200.00 IRAUSD
  Expenses:Taxes:Y2021:US:Federal:PreTax401k      1200.00 IRAUSD
  Assets:US:Babble:Vacation                             5 VACHR
  Income:US:Babble:Vacation                            -5 VACHR

2021-06-24 * "Babble" "Payroll"
  Assets:US:BofA:Checking                         1350.60 USD
  Assets:US:Vanguard:Cash                         1200.00 USD
  Income:US:Babble:Salary                        -4615.38 USD
  Income:US:Babble:GroupTermLife                   -24.32 USD
  Expenses:Health:Life:GroupTermLife                24.32 USD
  Expenses:Health:Dental:Insurance                   2.90 USD
  Expenses:Health:Medical:Insurance                 27.38 USD
  Expenses:Health:Vision:Insurance                  42.30 USD
  Expenses:Taxes:Y2021:US:Medicare                 106.62 USD
  Expenses:Taxes:Y2021:US:Federal                 1062.92 USD
  Expenses:Taxes:Y2021:US:State                    365.08 USD
  Expenses:Taxes:Y2021:US:CityNYC                  174.92 USD
  Expenses:Taxes:Y2021:US:SDI                        1.12 USD
  Expenses:Taxes:Y2021:US:SocSec                   281.54 USD
  Assets:US:Federal:PreTax401k                   -1200.00 IRAUSD
  Expenses:Taxes:Y2021:US:Federal:PreTax401k      1200.00 IRAUSD
  Assets:US:Babble:Vacation                             5 VACHR
  Income:US:Babble:Vacation                            -5 VACHR

2021-07-08 * "Babble" "Payroll"
  Assets:US:BofA:Checking                         1350.60 USD
  Assets:US:Vanguard:Cash                         1200.00 USD
  Income:US:Babble:Salary                        -4615.38 USD
  Income:US:Babble:GroupTermLife                   -24.32 USD
  Expenses:Health:Life:GroupTermLife                24.32 USD
  Expenses:Health:Dental:Insurance                   2.90 USD
  Expenses:Health:Medical:Insurance                 27.38 USD
  Expenses:Health:Vision:Insurance                  42.30 USD
  Expenses:Taxes:Y2021:US:Medicare                 106.62 USD
  Expenses:Taxes:Y2021:US:Federal                 1062.92 USD
  Expenses:Taxes:Y2021:US:State                    365.08 USD
  Expenses:Taxes:Y2021:US:CityNYC                  174.92 USD
  Expenses:Taxes:Y2021:US:SDI                        1.12 USD
  Expenses:Taxes:Y2021:US:SocSec                   281.54 USD
  Assets:US:Federal:PreTax401k                   -1200.00 IRAUSD
  Expenses:Taxes:Y2021:US:Federal:PreTax401k      1200.00 IRAUSD
  Assets:US:Babble:Vacation                             5 VACHR
  Income:US:Babble:Vacation                            -5 VACHR

2021-07-22 * "Babble" "Payroll"
  Assets:US:BofA:Checking                         1350.60 USD
  Assets:US:Vanguard:Cash                         1200.00 USD
  Income:US:Babble:Salary                        -4615.38 USD
  Income:US:Babble:GroupTermLife                   -24.32 USD
  Expenses:Health:Life:GroupTermLife                24.32 USD
  Expenses:Health:Dental:Insurance                   2.90 USD
  Expenses:Health:Medical:Insurance                 27.38 USD
  Expenses:Health:Vision:Insurance                  42.30 USD
  Expenses:Taxes:Y2021:US:Medicare                 106.62 USD
  Expenses:Taxes:Y2021:US:Federal                 1062.92 USD
  Expenses:Taxes:Y2021:US:State                    365.08 USD
  Expenses:Taxes:Y2021:US:CityNYC                  174.92 USD
  Expenses:Taxes:Y2021:US:SDI                        1.12 USD
  Expenses:Taxes:Y2021:US:SocSec                   281.54 USD
  Assets:US:Federal:PreTax401k                   -1200.00 IRAUSD
  Expenses:Taxes:Y2021:US:Federal:PreTax401k      1200.00 IRAUSD
  Assets:US:Babble:Vacation                             5 VACHR
  Income:US:Babble:Vacation                            -5 VACHR

2021-08-05 * "Babble" "Payroll"
  Assets:US:BofA:Checking                         2050.60 USD
  Assets:US:Vanguard:Cash                          500.00 USD
  Income:US:Babble:Salary                        -4615.38 USD
  Income:US:Babble:GroupTermLife                   -24.32 USD
  Expenses:Health:Life:GroupTermLife                24.32 USD
  Expenses:Health:Dental:Insurance                   2.90 USD
  Expenses:Health:Medical:Insurance                 27.38 USD
  Expenses:Health:Vision:Insurance                  42.30 USD
  Expenses:Taxes:Y2021:US:Medicare                 106.62 USD
  Expenses:Taxes:Y2021:US:Federal                 1062.92 USD
  Expenses:Taxes:Y2021:US:State                    365.08 USD
  Expenses:Taxes:Y2021:US:CityNYC                  174.92 USD
  Expenses:Taxes:Y2021:US:SDI                        1.12 USD
  Expenses:Taxes:Y2021:US:SocSec                   281.54 USD
  Assets:US:Federal:PreTax401k                    -500.00 IRAUSD
  Expenses:Taxes:Y2021:US:Federal:PreTax401k       500.00 IRAUSD
  Assets:US:Babble:Vacation                             5 VACHR
  Income:US:Babble:Vacation                            -5 VACHR

2021-08-19 * "Babble" "Payroll"
  Assets:US:BofA:Checking                         2550.60 USD
  Income:US:Babble:Salary                        -4615.38 USD
  Income:US:Babble:GroupTermLife                   -24.32 USD
  Expenses:Health:Life:GroupTermLife                24.32 USD
  Expenses:Health:Dental:Insurance                   2.90 USD
  Expenses:Health:Medical:Insurance                 27.38 USD
  Expenses:Health:Vision:Insurance                  42.30 USD
  Expenses:Taxes:Y2021:US:Medicare                 106.62 USD
  Expenses:Taxes:Y2021:US:Federal                 1062.92 USD
  Expenses:Taxes:Y2021:US:State                    365.08 USD
  Expenses:Taxes:Y2021:US:CityNYC                  174.92 USD
  Expenses:Taxes:Y2021:US:SDI                        1.12 USD
  Expenses:Taxes:Y2021:US:SocSec                   281.54 USD
  Assets:US:Federal:PreTax401k                       0.00 IRAUSD
  Assets:US:Babble:Vacation                             5 VACHR
  Income:US:Babble:Vacation                            -5 VACHR

2021-09-02 * "Babble" "Payroll"
  Assets:US:BofA:Checking                         2550.60 USD
  Income:US:Babble:Salary                        -4615.38 USD
  Income:US:Babble:GroupTermLife                   -24.32 USD
  Expenses:Health:Life:GroupTermLife                24.32 USD
  Expenses:Health:Dental:Insurance                   2.90 USD
  Expenses:Health:Medical:Insurance                 27.38 USD
  Expenses:Health:Vision:Insurance                  42.30 USD
  Expenses:Taxes:Y2021:US:Medicare                 106.62 USD
  Expenses:Taxes:Y2021:US:Federal                 1062.92 USD
  Expenses:Taxes:Y2021:US:State                    365.08 USD
  Expenses:Taxes:Y2021:US:CityNYC                  174.92 USD
  Expenses:Taxes:Y2021:US:SDI                        1.12 USD
  Expenses:Taxes:Y2021:US:SocSec                   281.54 USD
  Assets:US:Federal:PreTax401k                       0.00 IRAUSD
  Assets:US:Babble:Vacation                             5 VACHR
  Income:US:Babble:Vacation                            -5 VACHR

2021-09-16 * "Babble" "Payroll"
  Assets:US:BofA:Checking                         2550.60 USD
  Income:US:Babble:Salary                        -4615.38 USD
  Income:US:Babble:GroupTermLife                   -24.32 USD
  Expenses:Health:Life:GroupTermLife                24.32 USD
  Expenses:Health:Dental:Insurance                   2.90 USD
  Expenses:Health:Medical:Insurance                 27.38 USD
  Expenses:Health:Vision:Insurance                  42.30 USD
  Expenses:Taxes:Y2021:US:Medicare                 106.62 USD
  Expenses:Taxes:Y2021:US:Federal                 1062.92 USD
  Expenses:Taxes:Y2021:US:State                    365.08 USD
  Expenses:Taxes:Y2021:US:CityNYC                  174.92 USD
  Expenses:Taxes:Y2021:US:SDI                        1.12 USD
  Expenses:Taxes:Y2021:US:SocSec                   281.54 USD
  Assets:US:Federal:PreTax401k                       0.00 IRAUSD
  Assets:US:Babble:Vacation                             5 VACHR
  Income:US:Babble:Vacation                            -5 VACHR

2021-09-30 * "Babble" "Payroll"
  Assets:US:BofA:Checking                         2550.60 USD
  Income:US:Babble:Salary                        -4615.38 USD
  Income:US:Babble:GroupTermLife                   -24.32 USD
  Expenses:Health:Life:GroupTermLife                24.32 USD
  Expenses:Health:Dental:Insurance                   2.90 USD
  Expenses:Health:Medical:Insurance                 27.38 USD
  Expenses:Health:Vision:Insurance                  42.30 USD
  Expenses:Taxes:Y2021:US:Medicare                 106.62 USD
  Expenses:Taxes:Y2021:US:Federal                 1062.92 USD
  Expenses:Taxes:Y2021:US:State                    365.08 USD
  Expenses:Taxes:Y2021:US:CityNYC                  174.92 USD
  Expenses:Taxes:Y2021:US:SDI                        1.12 USD
  Expenses:Taxes:Y2021:US:SocSec                   281.54 USD
  Assets:US:Federal:PreTax401k                       0.00 IRAUSD
  Assets:US:Babble:Vacation                             5 VACHR
  Income:US:Babble:Vacation                            -5 VACHR

2021-10-14 * "Babble" "Payroll"
  Assets:US:BofA:Checking                         2550.60 USD
  Income:US:Babble:Salary                        -4615.38 USD
  Income:US:Babble:GroupTermLife                   -24.32 USD
  Expenses:Health:Life:GroupTermLife                24.32 USD
  Expenses:Health:Dental:Insurance                   2.90 USD
  Expenses:Health:Medical:Insurance                 27.38 USD
  Expenses:Health:Vision:Insurance                  42.30 USD
  Expenses:Taxes:Y2021:US:Medicare                 106.62 USD
  Expenses:Taxes:Y2021:US:Federal                 1062.92 USD
  Expenses:Taxes:Y2021:US:State                    365.08 USD
  Expenses:Taxes:Y2021:US:CityNYC                  174.92 USD
  Expenses:Taxes:Y2021:US:SDI                        1.12 USD
  Expenses:Taxes:Y2021:US:SocSec                   281.54 USD
  Assets:US:Federal:PreTax401k                       0.00 IRAUSD
  Assets:US:Babble:Vacation                             5 VACHR
  Income:US:Babble:Vacation                            -5 VACHR

2021-10-28 * "Babble" "Payroll"
  Assets:US:BofA:Checking                         2550.60 USD
  Income:US:Babble:Salary                        -4615.38 USD
  Income:US:Babble:GroupTermLife                   -24.32 USD
  Expenses:Health:Life:GroupTermLife                24.32 USD
  Expenses:Health:Dental:Insurance                   2.90 USD
  Expenses:Health:Medical:Insurance                 27.38 USD
  Expenses:Health:Vision:Insurance                  42.30 USD
  Expenses:Taxes:Y2021:US:Medicare                 106.62 USD
  Expenses:Taxes:Y2021:US:Federal                 1062.92 USD
  Expenses:Taxes:Y2021:US:State                    365.08 USD
  Expenses:Taxes:Y2021:US:CityNYC                  174.92 USD
  Expenses:Taxes:Y2021:US:SDI                        1.12 USD
  Expenses:Taxes:Y2021:US:SocSec                   281.54 USD
  Assets:US:Federal:PreTax401k                       0.00 IRAUSD
  Assets:US:Babble:Vacation                             5 VACHR
  Income:US:Babble:Vacation                            -5 VACHR

2021-11-11 * "Babble" "Payroll"
  Assets:US:BofA:Checking                         2550.60 USD
  Income:US:Babble:Salary                        -4615.38 USD
  Income:US:Babble:GroupTermLife                   -24.32 USD
  Expenses:Health:Life:GroupTermLife                24.32 USD
  Expenses:Health:Dental:Insurance                   2.90 USD
  Expenses:Health:Medical:Insurance                 27.38 USD
  Expenses:Health:Vision:Insurance                  42.30 USD
  Expenses:Taxes:Y2021:US:Medicare                 106.62 USD
  Expenses:Taxes:Y2021:US:Federal                 1062.92 USD
  Expenses:Taxes:Y2021:US:State                    365.08 USD
  Expenses:Taxes:Y2021:US:CityNYC                  174.92 USD
  Expenses:Taxes:Y2021:US:SDI                        1.12 USD
  Expenses:Taxes:Y2021:US:SocSec                   281.54 USD
  Assets:US:Federal:PreTax401k                       0.00 IRAUSD
  Assets:US:Babble:Vacation                             5 VACHR
  Income:US:Babble:Vacation                            -5 VACHR

2021-11-25 * "Babble" "Payroll"
  Assets:US:BofA:Checking                         2550.60 USD
  Income:US:Babble:Salary                        -4615.38 USD
  Income:US:Babble:GroupTermLife                   -24.32 USD
  Expenses:Health:Life:GroupTermLife                24.32 USD
  Expenses:Health:Dental:Insurance                   2.90 USD
  Expenses:Health:Medical:Insurance                 27.38 USD
  Expenses:Health:Vision:Insurance                  42.30 USD
  Expenses:Taxes:Y2021:US:Medicare                 106.62 USD
  Expenses:Taxes:Y2021:US:Federal                 1062.92 USD
  Expenses:Taxes:Y2021:US:State                    365.08 USD
  Expenses:Taxes:Y2021:US:CityNYC                  174.92 USD
  Expenses:Taxes:Y2021:US:SDI                        1.12 USD
  Expenses:Taxes:Y2021:US:SocSec                   281.54 USD
  Assets:US:Federal:PreTax401k                       0.00 IRAUSD
  Assets:US:Babble:Vacation                             5 VACHR
  Income:US:Babble:Vacation                            -5 VACHR

2021-12-09 * "Babble" "Payroll"
  Assets:US:BofA:Checking                         2589.06 USD
  Income:US:Babble:Salary                        -4615.38 USD
  Income:US:Babble:GroupTermLife                   -24.32 USD
  Expenses:Health:Life:GroupTermLife                24.32 USD
  Expenses:Health:Dental:Insurance                   2.90 USD
  Expenses:Health:Medical:Insurance                 27.38 USD
  Expenses:Health:Vision:Insurance                  42.30 USD
  Expenses:Taxes:Y2021:US:Medicare                 106.62 USD
  Expenses:Taxes:Y2021:US:Federal                 1062.92 USD
  Expenses:Taxes:Y2021:US:State                    365.08 USD
  Expenses:Taxes:Y2021:US:CityNYC                  174.92 USD
  Expenses:Taxes:Y2021:US:SDI                        1.12 USD
  Expenses:Taxes:Y2021:US:SocSec                   243.08 USD
  Assets:US:Federal:PreTax401k                       0.00 IRAUSD
  Assets:US:Babble:Vacation                             5 VACHR
  Income:US:Babble:Vacation                            -5 VACHR

2021-12-23 * "Babble" "Payroll"
  Assets:US:BofA:Checking                         2832.14 USD
  Income:US:Babble:Salary                        -4615.38 USD
  Income:US:Babble:GroupTermLife                   -24.32 USD
  Expenses:Health:Life:GroupTermLife                24.32 USD
  Expenses:Health:Dental:Insurance                   2.90 USD
  Expenses:Health:Medical:Insurance                 27.38 USD
  Expenses:Health:Vision:Insurance                  42.30 USD
  Expenses:Taxes:Y2021:US:Medicare                 106.62 USD
  Expenses:Taxes:Y2021:US:Federal                 1062.92 USD
  Expenses:Taxes:Y2021:US:State                    365.08 USD
  Expenses:Taxes:Y2021:US:CityNYC                  174.92 USD
  Expenses:Taxes:Y2021:US:SDI                        1.12 USD
  Expenses:Taxes:Y2021:US:SocSec                     0.00 USD
  Assets:US:Federal:PreTax401k                       0.00 IRAUSD
  Assets:US:Babble:Vacation                             5 VACHR
  Income:US:Babble:Vacation                            -5 VACHR

2022-01-06 * "Babble" "Payroll"
  Assets:US:BofA:Checking                         1350.60 USD
  Assets:US:Vanguard:Cash                         1200.00 USD
  Income:US:Babble:Salary                        -4615.38 USD
  Income:US:Babble:GroupTermLife                   -24.32 USD
  Expenses:Health:Life:GroupTermLife                24.32 USD
  Expenses:Health:Dental:Insurance                   2.90 USD
  Expenses:Health:Medical:Insurance                 27.38 USD
  Expenses:Health:Vision:Insurance                  42.30 USD
  Expenses:Taxes:Y2022:US:Medicare                 106.62 USD
  Expenses:Taxes:Y2022:US:Federal                 1062.92 USD
  Expenses:Taxes:Y2022:US:State                    365.08 USD
  Expenses:Taxes:Y2022:US:CityNYC                  174.92 USD
  Expenses:Taxes:Y2022:US:SDI                        1.12 USD
  Expenses:Taxes:Y2022:US:SocSec                   281.54 USD
  Assets:US:Federal:PreTax401k                   -1200.00 IRAUSD
  Expenses:Taxes:Y2022:US:Federal:PreTax401k      1200.00 IRAUSD
  Assets:US:Babble:Vacation                             5 VACHR
  Income:US:Babble:Vacation                            -5 VACHR

2022-01-20 * "Babble" "Payroll"
  Assets:US:BofA:Checking                         1350.60 USD
  Assets:US:Vanguard:Cash                         1200.00 USD
  Income:US:Babble:Salary                        -4615.38 USD
  Income:US:Babble:GroupTermLife                   -24.32 USD
  Expenses:Health:Life:GroupTermLife                24.32 USD
  Expenses:Health:Dental:Insurance                   2.90 USD
  Expenses:Health:Medical:Insurance                 27.38 USD
  Expenses:Health:Vision:Insurance                  42.30 USD
  Expenses:Taxes:Y2022:US:Medicare                 106.62 USD
  Expenses:Taxes:Y2022:US:Federal                 1062.92 USD
  Expenses:Taxes:Y2022:US:State                    365.08 USD
  Expenses:Taxes:Y2022:US:CityNYC                  174.92 USD
  Expenses:Taxes:Y2022:US:SDI                        1.12 USD
  Expenses:Taxes:Y2022:US:SocSec                   281.54 USD
  Assets:US:Federal:PreTax401k                   -1200.00 IRAUSD
  Expenses:Taxes:Y2022:US:Federal:PreTax401k      1200.00 IRAUSD
  Assets:US:Babble:Vacation                             5 VACHR
  Income:US:Babble:Vacation                            -5 VACHR

2022-02-03 * "Babble" "Payroll"
  Assets:US:BofA:Checking                         1350.60 USD
  Assets:US:Vanguard:Cash                         1200.00 USD
  Income:US:Babble:Salary                        -4615.38 USD
  Income:US:Babble:GroupTermLife                   -24.32 USD
  Expenses:Health:Life:GroupTermLife                24.32 USD
  Expenses:Health:Dental:Insurance                   2.90 USD
  Expenses:Health:Medical:Insurance                 27.38 USD
  Expenses:Health:Vision:Insurance                  42.30 USD
  Expenses:Taxes:Y2022:US:Medicare                 106.62 USD
  Expenses:Taxes:Y2022:US:Federal                 1062.92 USD
  Expenses:Taxes:Y2022:US:State                    365.08 USD
  Expenses:Taxes:Y2022:US:CityNYC                  174.92 USD
  Expenses:Taxes:Y2022:US:SDI                        1.12 USD
  Expenses:Taxes:Y2022:US:SocSec                   281.54 USD
  Assets:US:Federal:PreTax401k                   -1200.00 IRAUSD
  Expenses:Taxes:Y2022:US:Federal:PreTax401k      1200.00 IRAUSD
  Assets:US:Babble:Vacation                             5 VACHR
  Income:US:Babble:Vacation                            -5 VACHR

2022-02-17 * "Babble" "Payroll"
  Assets:US:BofA:Checking                         1350.60 USD
  Assets:US:Vanguard:Cash                         1200.00 USD
  Income:US:Babble:Salary                        -4615.38 USD
  Income:US:Babble:GroupTermLife                   -24.32 USD
  Expenses:Health:Life:GroupTermLife                24.32 USD
  Expenses:Health:Dental:Insurance                   2.90 USD
  Expenses:Health:Medical:Insurance                 27.38 USD
  Expenses:Health:Vision:Insurance                  42.30 USD
  Expenses:Taxes:Y2022:US:Medicare                 106.62 USD
  Expenses:Taxes:Y2022:US:Federal                 1062.92 USD
  Expenses:Taxes:Y2022:US:State                    365.08 USD
  Expenses:Taxes:Y2022:US:CityNYC                  174.92 USD
  Expenses:Taxes:Y2022:US:SDI                        1.12 USD
  Expenses:Taxes:Y2022:US:SocSec                   281.54 USD
  Assets:US:Federal:PreTax401k                   -1200.00 IRAUSD
  Expenses:Taxes:Y2022:US:Federal:PreTax401k      1200.00 IRAUSD
  Assets:US:Babble:Vacation                             5 VACHR
  Income:US:Babble:Vacation                            -5 VACHR

2022-03-03 * "Babble" "Payroll"
  Assets:US:BofA:Checking                         1350.60 USD
  Assets:US:Vanguard:Cash                         1200.00 USD
  Income:US:Babble:Salary                        -4615.38 USD
  Income:US:Babble:GroupTermLife                   -24.32 USD
  Expenses:Health:Life:GroupTermLife                24.32 USD
  Expenses:Health:Dental:Insurance                   2.90 USD
  Expenses:Health:Medical:Insurance                 27.38 USD
  Expenses:Health:Vision:Insurance                  42.30 USD
  Expenses:Taxes:Y2022:US:Medicare                 106.62 USD
  Expenses:Taxes:Y2022:US:Federal                 1062.92 USD
  Expenses:Taxes:Y2022:US:State                    365.08 USD
  Expenses:Taxes:Y2022:US:CityNYC                  174.92 USD
  Expenses:Taxes:Y2022:US:SDI                        1.12 USD
  Expenses:Taxes:Y2022:US:SocSec                   281.54 USD
  Assets:US:Federal:PreTax401k                   -1200.00 IRAUSD
  Expenses:Taxes:Y2022:US:Federal:PreTax401k      1200.00 IRAUSD
  Assets:US:Babble:Vacation                             5 VACHR
  Income:US:Babble:Vacation                            -5 VACHR

2022-03-17 * "Babble" "Payroll"
  Assets:US:BofA:Checking                         1350.60 USD
  Assets:US:Vanguard:Cash                         1200.00 USD
  Income:US:Babble:Salary                        -4615.38 USD
  Income:US:Babble:GroupTermLife                   -24.32 USD
  Expenses:Health:Life:GroupTermLife                24.32 USD
  Expenses:Health:Dental:Insurance                   2.90 USD
  Expenses:Health:Medical:Insurance                 27.38 USD
  Expenses:Health:Vision:Insurance                  42.30 USD
  Expenses:Taxes:Y2022:US:Medicare                 106.62 USD
  Expenses:Taxes:Y2022:US:Federal                 1062.92 USD
  Expenses:Taxes:Y2022:US:State                    365.08 USD
  Expenses:Taxes:Y2022:US:CityNYC                  174.92 USD
  Expenses:Taxes:Y2022:US:SDI                        1.12 USD
  Expenses:Taxes:Y2022:US:SocSec                   281.54 USD
  Assets:US:Federal:PreTax401k                   -1200.00 IRAUSD
  Expenses:Taxes:Y2022:US:Federal:PreTax401k      1200.00 IRAUSD
  Assets:US:Babble:Vacation                             5 VACHR
  Income:US:Babble:Vacation                            -5 VACHR

2022-03-31 * "Babble" "Payroll"
  Assets:US:BofA:Checking                         1350.60 USD
  Assets:US:Vanguard:Cash                         1200.00 USD
  Income:US:Babble:Salary                        -4615.38 USD
  Income:US:Babble:GroupTermLife                   -24.32 USD
  Expenses:Health:Life:GroupTermLife                24.32 USD
  Expenses:Health:Dental:Insurance                   2.90 USD
  Expenses:Health:Medical:Insurance                 27.38 USD
  Expenses:Health:Vision:Insurance                  42.30 USD
  Expenses:Taxes:Y2022:US:Medicare                 106.62 USD
  Expenses:Taxes:Y2022:US:Federal                 1062.92 USD
  Expenses:Taxes:Y2022:US:State                    365.08 USD
  Expenses:Taxes:Y2022:US:CityNYC                  174.92 USD
  Expenses:Taxes:Y2022:US:SDI                        1.12 USD
  Expenses:Taxes:Y2022:US:SocSec                   281.54 USD
  Assets:US:Federal:PreTax401k                   -1200.00 IRAUSD
  Expenses:Taxes:Y2022:US:Federal:PreTax401k      1200.00 IRAUSD
  Assets:US:Babble:Vacation                             5 VACHR
  Income:US:Babble:Vacation                            -5 VACHR

2022-04-14 * "Babble" "Payroll"
  Assets:US:BofA:Checking                         1350.60 USD
  Assets:US:Vanguard:Cash                         1200.00 USD
  Income:US:Babble:Salary                        -4615.38 USD
  Income:US:Babble:GroupTermLife                   -24.32 USD
  Expenses:Health:Life:GroupTermLife                24.32 USD
  Expenses:Health:Dental:Insurance                   2.90 USD
  Expenses:Health:Medical:Insurance                 27.38 USD
  Expenses:Health:Vision:Insurance                  42.30 USD
  Expenses:Taxes:Y2022:US:Medicare                 106.62 USD
  Expenses:Taxes:Y2022:US:Federal                 1062.92 USD
  Expenses:Taxes:Y2022:US:State                    365.08 USD
  Expenses:Taxes:Y2022:US:CityNYC                  174.92 USD
  Expenses:Taxes:Y2022:US:SDI                        1.12 USD
  Expenses:Taxes:Y2022:US:SocSec                   281.54 USD
  Assets:US:Federal:PreTax401k                   -1200.00 IRAUSD
  Expenses:Taxes:Y2022:US:Federal:PreTax401k      1200.00 IRAUSD
  Assets:US:Babble:Vacation                             5 VACHR
  Income:US:Babble:Vacation                            -5 VACHR

2022-04-28 * "Babble" "Payroll"
  Assets:US:BofA:Checking                         1350.60 USD
  Assets:US:Vanguard:Cash                         1200.00 USD
  Income:US:Babble:Salary                        -4615.38 USD
  Income:US:Babble:GroupTermLife                   -24.32 USD
  Expenses:Health:Life:GroupTermLife                24.32 USD
  Expenses:Health:Dental:Insurance                   2.90 USD
  Expenses:Health:Medical:Insurance                 27.38 USD
  Expenses:Health:Vision:Insurance                  42.30 USD
  Expenses:Taxes:Y2022:US:Medicare                 106.62 USD
  Expenses:Taxes:Y2022:US:Federal                 1062.92 USD
  Expenses:Taxes:Y2022:US:State                    365.08 USD
  Expenses:Taxes:Y2022:US:CityNYC                  174.92 USD
  Expenses:Taxes:Y2022:US:SDI                        1.12 USD
  Expenses:Taxes:Y2022:US:SocSec                   281.54 USD
  Assets:US:Federal:PreTax401k                   -1200.00 IRAUSD
  Expenses:Taxes:Y2022:US:Federal:PreTax401k      1200.00 IRAUSD
  Assets:US:Babble:Vacation                             5 VACHR
  Income:US:Babble:Vacation                            -5 VACHR

2022-05-12 * "Babble" "Payroll"
  Assets:US:BofA:Checking                         1350.60 USD
  Assets:US:Vanguard:Cash                         1200.00 USD
  Income:US:Babble:Salary                        -4615.38 USD
  Income:US:Babble:GroupTermLife                   -24.32 USD
  Expenses:Health:Life:GroupTermLife                24.32 USD
  Expenses:Health:Dental:Insurance                   2.90 USD
  Expenses:Health:Medical:Insurance                 27.38 USD
  Expenses:Health:Vision:Insurance                  42.30 USD
  Expenses:Taxes:Y2022:US:Medicare                 106.62 USD
  Expenses:Taxes:Y2022:US:Federal                 1062.92 USD
  Expenses:Taxes:Y2022:US:State                    365.08 USD
  Expenses:Taxes:Y2022:US:CityNYC                  174.92 USD
  Expenses:Taxes:Y2022:US:SDI                        1.12 USD
  Expenses:Taxes:Y2022:US:SocSec                   281.54 USD
  Assets:US:Federal:PreTax401k                   -1200.00 IRAUSD
  Expenses:Taxes:Y2022:US:Federal:PreTax401k      1200.00 IRAUSD
  Assets:US:Babble:Vacation                             5 VACHR
  Income:US:Babble:Vacation                            -5 VACHR

2022-05-26 * "Babble" "Payroll"
  Assets:US:BofA:Checking                         1350.60 USD
  Assets:US:Vanguard:Cash                         1200.00 USD
  Income:US:Babble:Salary                        -4615.38 USD
  Income:US:Babble:GroupTermLife                   -24.32 USD
  Expenses:Health:Life:GroupTermLife                24.32 USD
  Expenses:Health:Dental:Insurance                   2.90 USD
  Expenses:Health:Medical:Insurance                 27.38 USD
  Expenses:Health:Vision:Insurance                  42.30 USD
  Expenses:Taxes:Y2022:US:Medicare                 106.62 USD
  Expenses:Taxes:Y2022:US:Federal                 1062.92 USD
  Expenses:Taxes:Y2022:US:State                    365.08 USD
  Expenses:Taxes:Y2022:US:CityNYC                  174.92 USD
  Expenses:Taxes:Y2022:US:SDI                        1.12 USD
  Expenses:Taxes:Y2022:US:SocSec                   281.54 USD
  Assets:US:Federal:PreTax401k                   -1200.00 IRAUSD
  Expenses:Taxes:Y2022:US:Federal:PreTax401k      1200.00 IRAUSD
  Assets:US:Babble:Vacation                             5 VACHR
  Income:US:Babble:Vacation                            -5 VACHR

2022-06-09 * "Babble" "Payroll"
  Assets:US:BofA:Checking                         1350.60 USD
  Assets:US:Vanguard:Cash                         1200.00 USD
  Income:US:Babble:Salary                        -4615.38 USD
  Income:US:Babble:GroupTermLife                   -24.32 USD
  Expenses:Health:Life:GroupTermLife                24.32 USD
  Expenses:Health:Dental:Insurance                   2.90 USD
  Expenses:Health:Medical:Insurance                 27.38 USD
  Expenses:Health:Vision:Insurance                  42.30 USD
  Expenses:Taxes:Y2022:US:Medicare                 106.62 USD
  Expenses:Taxes:Y2022:US:Federal                 1062.92 USD
  Expenses:Taxes:Y2022:US:State                    365.08 USD
  Expenses:Taxes:Y2022:US:CityNYC                  174.92 USD
  Expenses:Taxes:Y2022:US:SDI                        1.12 USD
  Expenses:Taxes:Y2022:US:SocSec                   281.54 USD
  Assets:US:Federal:PreTax401k                   -1200.00 IRAUSD
  Expenses:Taxes:Y2022:US:Federal:PreTax401k      1200.00 IRAUSD
  Assets:US:Babble:Vacation                             5 VACHR
  Income:US:Babble:Vacation                            -5 VACHR

2022-06-23 * "Babble" "Payroll"
  Assets:US:BofA:Checking                         1350.60 USD
  Assets:US:Vanguard:Cash                         1200.00 USD
  Income:US:Babble:Salary                        -4615.38 USD
  Income:US:Babble:GroupTermLife                   -24.32 USD
  Expenses:Health:Life:GroupTermLife                24.32 USD
  Expenses:Health:Dental:Insurance                   2.90 USD
  Expenses:Health:Medical:Insurance                 27.38 USD
  Expenses:Health:Vision:Insurance                  42.30 USD
  Expenses:Taxes:Y2022:US:Medicare                 106.62 USD
  Expenses:Taxes:Y2022:US:Federal                 1062.92 USD
  Expenses:Taxes:Y2022:US:State                    365.08 USD
  Expenses:Taxes:Y2022:US:CityNYC                  174.92 USD
  Expenses:Taxes:Y2022:US:SDI                        1.12 USD
  Expenses:Taxes:Y2022:US:SocSec                   281.54 USD
  Assets:US:Federal:PreTax401k                   -1200.00 IRAUSD
  Expenses:Taxes:Y2022:US:Federal:PreTax401k      1200.00 IRAUSD
  Assets:US:Babble:Vacation                             5 VACHR
  Income:US:Babble:Vacation                            -5 VACHR

2022-07-07 * "Babble" "Payroll"
  Assets:US:BofA:Checking                         1350.60 USD
  Assets:US:Vanguard:Cash                         1200.00 USD
  Income:US:Babble:Salary                        -4615.38 USD
  Income:US:Babble:GroupTermLife                   -24.32 USD
  Expenses:Health:Life:GroupTermLife                24.32 USD
  Expenses:Health:Dental:Insurance                   2.90 USD
  Expenses:Health:Medical:Insurance                 27.38 USD
  Expenses:Health:Vision:Insurance                  42.30 USD
  Expenses:Taxes:Y2022:US:Medicare                 106.62 USD
  Expenses:Taxes:Y2022:US:Federal                 1062.92 USD
  Expenses:Taxes:Y2022:US:State                    365.08 USD
  Expenses:Taxes:Y2022:US:CityNYC                  174.92 USD
  Expenses:Taxes:Y2022:US:SDI                        1.12 USD
  Expenses:Taxes:Y2022:US:SocSec                   281.54 USD
  Assets:US:Federal:PreTax401k                   -1200.00 IRAUSD
  Expenses:Taxes:Y2022:US:Federal:PreTax401k      1200.00 IRAUSD
  Assets:US:Babble:Vacation                             5 VACHR
  Income:US:Babble:Vacation                            -5 VACHR

2022-07-21 * "Babble" "Payroll"
  Assets:US:BofA:Checking                         1350.60 USD
  Assets:US:Vanguard:Cash                         1200.00 USD
  Income:US:Babble:Salary                        -4615.38 USD
  Income:US:Babble:GroupTermLife                   -24.32 USD
  Expenses:Health:Life:GroupTermLife                24.32 USD
  Expenses:Health:Dental:Insurance                   2.90 USD
  Expenses:Health:Medical:Insurance                 27.38 USD
  Expenses:Health:Vision:Insurance                  42.30 USD
  Expenses:Taxes:Y2022:US:Medicare                 106.62 USD
  Expenses:Taxes:Y2022:US:Federal                 1062.92 USD
  Expenses:Taxes:Y2022:US:State                    365.08 USD
  Expenses:Taxes:Y2022:US:CityNYC                  174.92 USD
  Expenses:Taxes:Y2022:US:SDI                        1.12 USD
  Expenses:Taxes:Y2022:US:SocSec                   281.54 USD
  Assets:US:Federal:PreTax401k                   -1200.00 IRAUSD
  Expenses:Taxes:Y2022:US:Federal:PreTax401k      1200.00 IRAUSD
  Assets:US:Babble:Vacation                             5 VACHR
  Income:US:Babble:Vacation                            -5 VACHR

2022-08-04 * "Babble" "Payroll"
  Assets:US:BofA:Checking                         2050.60 USD
  Assets:US:Vanguard:Cash                          500.00 USD
  Income:US:Babble:Salary                        -4615.38 USD
  Income:US:Babble:GroupTermLife                   -24.32 USD
  Expenses:Health:Life:GroupTermLife                24.32 USD
  Expenses:Health:Dental:Insurance                   2.90 USD
  Expenses:Health:Medical:Insurance                 27.38 USD
  Expenses:Health:Vision:Insurance                  42.30 USD
  Expenses:Taxes:Y2022:US:Medicare                 106.62 USD
  Expenses:Taxes:Y2022:US:Federal                 1062.92 USD
  Expenses:Taxes:Y2022:US:State                    365.08 USD
  Expenses:Taxes:Y2022:US:CityNYC                  174.92 USD
  Expenses:Taxes:Y2022:US:SDI                        1.12 USD
  Expenses:Taxes:Y2022:US:SocSec                   281.54 USD
  Assets:US:Federal:PreTax401k                    -500.00 IRAUSD
  Expenses:Taxes:Y2022:US:Federal:PreTax401k       500.00 IRAUSD
  Assets:US:Babble:Vacation                             5 VACHR
  Income:US:Babble:Vacation                            -5 VACHR

2022-08-18 * "Babble" "Payroll"
  Assets:US:BofA:Checking                         2550.60 USD
  Income:US:Babble:Salary                        -4615.38 USD
  Income:US:Babble:GroupTermLife                   -24.32 USD
  Expenses:Health:Life:GroupTermLife                24.32 USD
  Expenses:Health:Dental:Insurance                   2.90 USD
  Expenses:Health:Medical:Insurance                 27.38 USD
  Expenses:Health:Vision:Insurance                  42.30 USD
  Expenses:Taxes:Y2022:US:Medicare                 106.62 USD
  Expenses:Taxes:Y2022:US:Federal                 1062.92 USD
  Expenses:Taxes:Y2022:US:State                    365.08 USD
  Expenses:Taxes:Y2022:US:CityNYC                  174.92 USD
  Expenses:Taxes:Y2022:US:SDI                        1.12 USD
  Expenses:Taxes:Y2022:US:SocSec                   281.54 USD
  Assets:US:Federal:PreTax401k                       0.00 IRAUSD
  Assets:US:Babble:Vacation                             5 VACHR
  Income:US:Babble:Vacation                            -5 VACHR

2022-09-01 * "Babble" "Payroll"
  Assets:US:BofA:Checking                         2550.60 USD
  Income:US:Babble:Salary                        -4615.38 USD
  Income:US:Babble:GroupTermLife                   -24.32 USD
  Expenses:Health:Life:GroupTermLife                24.32 USD
  Expenses:Health:Dental:Insurance                   2.90 USD
  Expenses:Health:Medical:Insurance                 27.38 USD
  Expenses:Health:Vision:Insurance                  42.30 USD
  Expenses:Taxes:Y2022:US:Medicare                 106.62 USD
  Expenses:Taxes:Y2022:US:Federal                 1062.92 USD
  Expenses:Taxes:Y2022:US:State                    365.08 USD
  Expenses:Taxes:Y2022:US:CityNYC                  174.92 USD
  Expenses:Taxes:Y2022:US:SDI                        1.12 USD
  Expenses:Taxes:Y2022:US:SocSec                   281.54 USD
  Assets:US:Federal:PreTax401k                       0.00 IRAUSD
  Assets:US:Babble:Vacation                             5 VACHR
  Income:US:Babble:Vacation                            -5 VACHR

2022-09-15 * "Babble" "Payroll"
  Assets:US:BofA:Checking                         2550.60 USD
  Income:US:Babble:Salary                        -4615.38 USD
  Income:US:Babble:GroupTermLife                   -24.32 USD
  Expenses:Health:Life:GroupTermLife                24.32 USD
  Expenses:Health:Dental:Insurance                   2.90 USD
  Expenses:Health:Medical:Insurance                 27.38 USD
  Expenses:Health:Vision:Insurance                  42.30 USD
  Expenses:Taxes:Y2022:US:Medicare                 106.62 USD
  Expenses:Taxes:Y2022:US:Federal                 1062.92 USD
  Expenses:Taxes:Y2022:US:State                    365.08 USD
  Expenses:Taxes:Y2022:US:CityNYC                  174.92 USD
  Expenses:Taxes:Y2022:US:SDI                        1.12 USD
  Expenses:Taxes:Y2022:US:SocSec                   281.54 USD
  Assets:US:Federal:PreTax401k                       0.00 IRAUSD
  Assets:US:Babble:Vacation                             5 VACHR
  Income:US:Babble:Vacation                            -5 VACHR

2022-09-29 * "Babble" "Payroll"
  Assets:US:BofA:Checking                         2550.60 USD
  Income:US:Babble:Salary                        -4615.38 USD
  Income:US:Babble:GroupTermLife                   -24.32 USD
  Expenses:Health:Life:GroupTermLife                24.32 USD
  Expenses:Health:Dental:Insurance                   2.90 USD
  Expenses:Health:Medical:Insurance                 27.38 USD
  Expenses:Health:Vision:Insurance                  42.30 USD
  Expenses:Taxes:Y2022:US:Medicare                 106.62 USD
  Expenses:Taxes:Y2022:US:Federal                 1062.92 USD
  Expenses:Taxes:Y2022:US:State                    365.08 USD
  Expenses:Taxes:Y2022:US:CityNYC                  174.92 USD
  Expenses:Taxes:Y2022:US:SDI                        1.12 USD
  Expenses:Taxes:Y2022:US:SocSec                   281.54 USD
  Assets:US:Federal:PreTax401k                       0.00 IRAUSD
  Assets:US:Babble:Vacation                             5 VACHR
  Income:US:Babble:Vacation                            -5 VACHR

2022-10-13 * "Babble" "Payroll"
  Assets:US:BofA:Checking                         2550.60 USD
  Income:US:Babble:Salary                        -4615.38 USD
  Income:US:Babble:GroupTermLife                   -24.32 USD
  Expenses:Health:Life:GroupTermLife                24.32 USD
  Expenses:Health:Dental:Insurance                   2.90 USD
  Expenses:Health:Medical:Insurance                 27.38 USD
  Expenses:Health:Vision:Insurance                  42.30 USD
  Expenses:Taxes:Y2022:US:Medicare                 106.62 USD
  Expenses:Taxes:Y2022:US:Federal                 1062.92 USD
  Expenses:Taxes:Y2022:US:State                    365.08 USD
  Expenses:Taxes:Y2022:US:CityNYC                  174.92 USD
  Expenses:Taxes:Y2022:US:SDI                        1.12 USD
  Expenses:Taxes:Y2022:US:SocSec                   281.54 USD
  Assets:US:Federal:PreTax401k                       0.00 IRAUSD
  Assets:US:Babble:Vacation                             5 VACHR
  Income:US:Babble:Vacation                            -5 VACHR

2022-10-27 * "Babble" "Payroll"
  Assets:US:BofA:Checking                         2550.60 USD
  Income:US:Babble:Salary                        -4615.38 USD
  Income:US:Babble:GroupTermLife                   -24.32 USD
  Expenses:Health:Life:GroupTermLife                24.32 USD
  Expenses:Health:Dental:Insurance                   2.90 USD
  Expenses:Health:Medical:Insurance                 27.38 USD
  Expenses:Health:Vision:Insurance                  42.30 USD
  Expenses:Taxes:Y2022:US:Medicare                 106.62 USD
  Expenses:Taxes:Y2022:US:Federal                 1062.92 USD
  Expenses:Taxes:Y2022:US:State                    365.08 USD
  Expenses:Taxes:Y2022:US:CityNYC                  174.92 USD
  Expenses:Taxes:Y2022:US:SDI                        1.12 USD
  Expenses:Taxes:Y2022:US:SocSec                   281.54 USD
  Assets:US:Federal:PreTax401k                       0.00 IRAUSD
  Assets:US:Babble:Vacation                             5 VACHR
  Income:US:Babble:Vacation                            -5 VACHR

2022-11-10 * "Babble" "Payroll"
  Assets:US:BofA:Checking                         2550.60 USD
  Income:US:Babble:Salary                        -4615.38 USD
  Income:US:Babble:GroupTermLife                   -24.32 USD
  Expenses:Health:Life:GroupTermLife                24.32 USD
  Expenses:Health:Dental:Insurance                   2.90 USD
  Expenses:Health:Medical:Insurance                 27.38 USD
  Expenses:Health:Vision:Insurance                  42.30 USD
  Expenses:Taxes:Y2022:US:Medicare                 106.62 USD
  Expenses:Taxes:Y2022:US:Federal                 1062.92 USD
  Expenses:Taxes:Y2022:US:State                    365.08 USD
  Expenses:Taxes:Y2022:US:CityNYC                  174.92 USD
  Expenses:Taxes:Y2022:US:SDI                        1.12 USD
  Expenses:Taxes:Y2022:US:SocSec                   281.54 USD
  Assets:US:Federal:PreTax401k                       0.00 IRAUSD
  Assets:US:Babble:Vacation                             5 VACHR
  Income:US:Babble:Vacation                            -5 VACHR

2022-11-24 * "Babble" "Payroll"
  Assets:US:BofA:Checking                         2550.60 USD
  Income:US:Babble:Salary                        -4615.38 USD
  Income:US:Babble:GroupTermLife                   -24.32 USD
  Expenses:Health:Life:GroupTermLife                24.32 USD
  Expenses:Health:Dental:Insurance                   2.90 USD
  Expenses:Health:Medical:Insurance                 27.38 USD
  Expenses:Health:Vision:Insurance                  42.30 USD
  Expenses:Taxes:Y2022:US:Medicare                 106.62 USD
  Expenses:Taxes:Y2022:US:Federal                 1062.92 USD
  Expenses:Taxes:Y2022:US:State                    365.08 USD
  Expenses:Taxes:Y2022:US:CityNYC                  174.92 USD
  Expenses:Taxes:Y2022:US:SDI                        1.12 USD
  Expenses:Taxes:Y2022:US:SocSec                   281.54 USD
  Assets:US:Federal:PreTax401k                       0.00 IRAUSD
  Assets:US:Babble:Vacation                             5 VACHR
  Income:US:Babble:Vacation                            -5 VACHR

2022-12-08 * "Babble" "Payroll"
  Assets:US:BofA:Checking                         2589.06 USD
  Income:US:Babble:Salary                        -4615.38 USD
  Income:US:Babble:GroupTermLife                   -24.32 USD
  Expenses:Health:Life:GroupTermLife                24.32 USD
  Expenses:Health:Dental:Insurance                   2.90 USD
  Expenses:Health:Medical:Insurance                 27.38 USD
  Expenses:Health:Vision:Insurance                  42.30 USD
  Expenses:Taxes:Y2022:US:Medicare                 106.62 USD
  Expenses:Taxes:Y2022:US:Federal                 1062.92 USD
  Expenses:Taxes:Y2022:US:State                    365.08 USD
  Expenses:Taxes:Y2022:US:CityNYC                  174.92 USD
  Expenses:Taxes:Y2022:US:SDI                        1.12 USD
  Expenses:Taxes:Y2022:US:SocSec                   243.08 USD
  Assets:US:Federal:PreTax401k                       0.00 IRAUSD
  Assets:US:Babble:Vacation                             5 VACHR
  Income:US:Babble:Vacation                            -5 VACHR

2022-12-22 * "Babble" "Payroll"
  Assets:US:BofA:Checking                         2832.14 USD
  Income:US:Babble:Salary                        -4615.38 USD
  Income:US:Babble:GroupTermLife                   -24.32 USD
  Expenses:Health:Life:GroupTermLife                24.32 USD
  Expenses:Health:Dental:Insurance                   2.90 USD
  Expenses:Health:Medical:Insurance                 27.38 USD
  Expenses:Health:Vision:Insurance                  42.30 USD
  Expenses:Taxes:Y2022:US:Medicare                 106.62 USD
  Expenses:Taxes:Y2022:US:Federal                 1062.92 USD
  Expenses:Taxes:Y2022:US:State                    365.08 USD
  Expenses:Taxes:Y2022:US:CityNYC                  174.92 USD
  Expenses:Taxes:Y2022:US:SDI                        1.12 USD
  Expenses:Taxes:Y2022:US:SocSec                     0.00 USD
  Assets:US:Federal:PreTax401k                       0.00 IRAUSD
  Assets:US:Babble:Vacation                             5 VACHR
  Income:US:Babble:Vacation                            -5 VACHR

2023-01-05 * "Babble" "Payroll"
  Assets:US:BofA:Checking                         1350.60 USD
  Assets:US:Vanguard:Cash                         1200.00 USD
  Income:US:Babble:Salary                        -4615.38 USD
  Income:US:Babble:GroupTermLife                   -24.32 USD
  Expenses:Health:Life:GroupTermLife                24.32 USD
  Expenses:Health:Dental:Insurance                   2.90 USD
  Expenses:Health:Medical:Insurance                 27.38 USD
  Expenses:Health:Vision:Insurance                  42.30 USD
  Expenses:Taxes:Y2023:US:Medicare                 106.62 USD
  Expenses:Taxes:Y2023:US:Federal                 1062.92 USD
  Expenses:Taxes:Y2023:US:State                    365.08 USD
  Expenses:Taxes:Y2023:US:CityNYC                  174.92 USD
  Expenses:Taxes:Y2023:US:SDI                        1.12 USD
  Expenses:Taxes:Y2023:US:SocSec                   281.54 USD
  Assets:US:Federal:PreTax401k                   -1200.00 IRAUSD
  Expenses:Taxes:Y2023:US:Federal:PreTax401k      1200.00 IRAUSD
  Assets:US:Babble:Vacation                             5 VACHR
  Income:US:Babble:Vacation                            -5 VACHR

2023-01-19 * "Babble" "Payroll"
  Assets:US:BofA:Checking                         1350.60 USD
  Assets:US:Vanguard:Cash                         1200.00 USD
  Income:US:Babble:Salary                        -4615.38 USD
  Income:US:Babble:GroupTermLife                   -24.32 USD
  Expenses:Health:Life:GroupTermLife                24.32 USD
  Expenses:Health:Dental:Insurance                   2.90 USD
  Expenses:Health:Medical:Insurance                 27.38 USD
  Expenses:Health:Vision:Insurance                  42.30 USD
  Expenses:Taxes:Y2023:US:Medicare                 106.62 USD
  Expenses:Taxes:Y2023:US:Federal                 1062.92 USD
  Expenses:Taxes:Y2023:US:State                    365.08 USD
  Expenses:Taxes:Y2023:US:CityNYC                  174.92 USD
  Expenses:Taxes:Y2023:US:SDI                        1.12 USD
  Expenses:Taxes:Y2023:US:SocSec                   281.54 USD
  Assets:US:Federal:PreTax401k                   -1200.00 IRAUSD
  Expenses:Taxes:Y2023:US:Federal:PreTax401k      1200.00 IRAUSD
  Assets:US:Babble:Vacation                             5 VACHR
  Income:US:Babble:Vacation                            -5 VACHR

2023-02-02 * "Babble" "Payroll"
  Assets:US:BofA:Checking                         1350.60 USD
  Assets:US:Vanguard:Cash                         1200.00 USD
  Income:US:Babble:Salary                        -4615.38 USD
  Income:US:Babble:GroupTermLife                   -24.32 USD
  Expenses:Health:Life:GroupTermLife                24.32 USD
  Expenses:Health:Dental:Insurance                   2.90 USD
  Expenses:Health:Medical:Insurance                 27.38 USD
  Expenses:Health:Vision:Insurance                  42.30 USD
  Expenses:Taxes:Y2023:US:Medicare                 106.62 USD
  Expenses:Taxes:Y2023:US:Federal                 1062.92 USD
  Expenses:Taxes:Y2023:US:State                    365.08 USD
  Expenses:Taxes:Y2023:US:CityNYC                  174.92 USD
  Expenses:Taxes:Y2023:US:SDI                        1.12 USD
  Expenses:Taxes:Y2023:US:SocSec                   281.54 USD
  Assets:US:Federal:PreTax401k                   -1200.00 IRAUSD
  Expenses:Taxes:Y2023:US:Federal:PreTax401k      1200.00 IRAUSD
  Assets:US:Babble:Vacation                             5 VACHR
  Income:US:Babble:Vacation                            -5 VACHR

2023-02-16 * "Babble" "Payroll"
  Assets:US:BofA:Checking                         1350.60 USD
  Assets:US:Vanguard:Cash                         1200.00 USD
  Income:US:Babble:Salary                        -4615.38 USD
  Income:US:Babble:GroupTermLife                   -24.32 USD
  Expenses:Health:Life:GroupTermLife                24.32 USD
  Expenses:Health:Dental:Insurance                   2.90 USD
  Expenses:Health:Medical:Insurance                 27.38 USD
  Expenses:Health:Vision:Insurance                  42.30 USD
  Expenses:Taxes:Y2023:US:Medicare                 106.62 USD
  Expenses:Taxes:Y2023:US:Federal                 1062.92 USD
  Expenses:Taxes:Y2023:US:State                    365.08 USD
  Expenses:Taxes:Y2023:US:CityNYC                  174.92 USD
  Expenses:Taxes:Y2023:US:SDI                        1.12 USD
  Expenses:Taxes:Y2023:US:SocSec                   281.54 USD
  Assets:US:Federal:PreTax401k                   -1200.00 IRAUSD
  Expenses:Taxes:Y2023:US:Federal:PreTax401k      1200.00 IRAUSD
  Assets:US:Babble:Vacation                             5 VACHR
  Income:US:Babble:Vacation                            -5 VACHR

2023-03-02 * "Babble" "Payroll"
  Assets:US:BofA:Checking                         1350.60 USD
  Assets:US:Vanguard:Cash                         1200.00 USD
  Income:US:Babble:Salary                        -4615.38 USD
  Income:US:Babble:GroupTermLife                   -24.32 USD
  Expenses:Health:Life:GroupTermLife                24.32 USD
  Expenses:Health:Dental:Insurance                   2.90 USD
  Expenses:Health:Medical:Insurance                 27.38 USD
  Expenses:Health:Vision:Insurance                  42.30 USD
  Expenses:Taxes:Y2023:US:Medicare                 106.62 USD
  Expenses:Taxes:Y2023:US:Federal                 1062.92 USD
  Expenses:Taxes:Y2023:US:State                    365.08 USD
  Expenses:Taxes:Y2023:US:CityNYC                  174.92 USD
  Expenses:Taxes:Y2023:US:SDI                        1.12 USD
  Expenses:Taxes:Y2023:US:SocSec                   281.54 USD
  Assets:US:Federal:PreTax401k                   -1200.00 IRAUSD
  Expenses:Taxes:Y2023:US:Federal:PreTax401k      1200.00 IRAUSD
  Assets:US:Babble:Vacation                             5 VACHR
  Income:US:Babble:Vacation                            -5 VACHR

2023-03-16 * "Babble" "Payroll"
  Assets:US:BofA:Checking                         1350.60 USD
  Assets:US:Vanguard:Cash                         1200.00 USD
  Income:US:Babble:Salary                        -4615.38 USD
  Income:US:Babble:GroupTermLife                   -24.32 USD
  Expenses:Health:Life:GroupTermLife                24.32 USD
  Expenses:Health:Dental:Insurance                   2.90 USD
  Expenses:Health:Medical:Insurance                 27.38 USD
  Expenses:Health:Vision:Insurance                  42.30 USD
  Expenses:Taxes:Y2023:US:Medicare                 106.62 USD
  Expenses:Taxes:Y2023:US:Federal                 1062.92 USD
  Expenses:Taxes:Y2023:US:State                    365.08 USD
  Expenses:Taxes:Y2023:US:CityNYC                  174.92 USD
  Expenses:Taxes:Y2023:US:SDI                        1.12 USD
  Expenses:Taxes:Y2023:US:SocSec                   281.54 USD
  Assets:US:Federal:PreTax401k                   -1200.00 IRAUSD
  Expenses:Taxes:Y2023:US:Federal:PreTax401k      1200.00 IRAUSD
  Assets:US:Babble:Vacation                             5 VACHR
  Income:US:Babble:Vacation                            -5 VACHR

2023-03-30 * "Babble" "Payroll"
  Assets:US:BofA:Checking                         1350.60 USD
  Assets:US:Vanguard:Cash                         1200.00 USD
  Income:US:Babble:Salary                        -4615.38 USD
  Income:US:Babble:GroupTermLife                   -24.32 USD
  Expenses:Health:Life:GroupTermLife                24.32 USD
  Expenses:Health:Dental:Insurance                   2.90 USD
  Expenses:Health:Medical:Insurance                 27.38 USD
  Expenses:Health:Vision:Insurance                  42.30 USD
  Expenses:Taxes:Y2023:US:Medicare                 106.62 USD
  Expenses:Taxes:Y2023:US:Federal                 1062.92 USD
  Expenses:Taxes:Y2023:US:State                    365.08 USD
  Expenses:Taxes:Y2023:US:CityNYC                  174.92 USD
  Expenses:Taxes:Y2023:US:SDI                        1.12 USD
  Expenses:Taxes:Y2023:US:SocSec                   281.54 USD
  Assets:US:Federal:PreTax401k                   -1200.00 IRAUSD
  Expenses:Taxes:Y2023:US:Federal:PreTax401k      1200.00 IRAUSD
  Assets:US:Babble:Vacation                             5 VACHR
  Income:US:Babble:Vacation                            -5 VACHR

2023-04-13 * "Babble" "Payroll"
  Assets:US:BofA:Checking                         1350.60 USD
  Assets:US:Vanguard:Cash                         1200.00 USD
  Income:US:Babble:Salary                        -4615.38 USD
  Income:US:Babble:GroupTermLife                   -24.32 USD
  Expenses:Health:Life:GroupTermLife                24.32 USD
  Expenses:Health:Dental:Insurance                   2.90 USD
  Expenses:Health:Medical:Insurance                 27.38 USD
  Expenses:Health:Vision:Insurance                  42.30 USD
  Expenses:Taxes:Y2023:US:Medicare                 106.62 USD
  Expenses:Taxes:Y2023:US:Federal                 1062.92 USD
  Expenses:Taxes:Y2023:US:State                    365.08 USD
  Expenses:Taxes:Y2023:US:CityNYC                  174.92 USD
  Expenses:Taxes:Y2023:US:SDI                        1.12 USD
  Expenses:Taxes:Y2023:US:SocSec                   281.54 USD
  Assets:US:Federal:PreTax401k                   -1200.00 IRAUSD
  Expenses:Taxes:Y2023:US:Federal:PreTax401k      1200.00 IRAUSD
  Assets:US:Babble:Vacation                             5 VACHR
  Income:US:Babble:Vacation                            -5 VACHR

2023-04-27 * "Babble" "Payroll"
  Assets:US:BofA:Checking                         1350.60 USD
  Assets:US:Vanguard:Cash                         1200.00 USD
  Income:US:Babble:Salary                        -4615.38 USD
  Income:US:Babble:GroupTermLife                   -24.32 USD
  Expenses:Health:Life:GroupTermLife                24.32 USD
  Expenses:Health:Dental:Insurance                   2.90 USD
  Expenses:Health:Medical:Insurance                 27.38 USD
  Expenses:Health:Vision:Insurance                  42.30 USD
  Expenses:Taxes:Y2023:US:Medicare                 106.62 USD
  Expenses:Taxes:Y2023:US:Federal                 1062.92 USD
  Expenses:Taxes:Y2023:US:State                    365.08 USD
  Expenses:Taxes:Y2023:US:CityNYC                  174.92 USD
  Expenses:Taxes:Y2023:US:SDI                        1.12 USD
  Expenses:Taxes:Y2023:US:SocSec                   281.54 USD
  Assets:US:Federal:PreTax401k                   -1200.00 IRAUSD
  Expenses:Taxes:Y2023:US:Federal:PreTax401k      1200.00 IRAUSD
  Assets:US:Babble:Vacation                             5 VACHR
  Income:US:Babble:Vacation                            -5 VACHR

2023-05-11 * "Babble" "Payroll"
  Assets:US:BofA:Checking                         1350.60 USD
  Assets:US:Vanguard:Cash                         1200.00 USD
  Income:US:Babble:Salary                        -4615.38 USD
  Income:US:Babble:GroupTermLife                   -24.32 USD
  Expenses:Health:Life:GroupTermLife                24.32 USD
  Expenses:Health:Dental:Insurance                   2.90 USD
  Expenses:Health:Medical:Insurance                 27.38 USD
  Expenses:Health:Vision:Insurance                  42.30 USD
  Expenses:Taxes:Y2023:US:Medicare                 106.62 USD
  Expenses:Taxes:Y2023:US:Federal                 1062.92 USD
  Expenses:Taxes:Y2023:US:State                    365.08 USD
  Expenses:Taxes:Y2023:US:CityNYC                  174.92 USD
  Expenses:Taxes:Y2023:US:SDI                        1.12 USD
  Expenses:Taxes:Y2023:US:SocSec                   281.54 USD
  Assets:US:Federal:PreTax401k                   -1200.00 IRAUSD
  Expenses:Taxes:Y2023:US:Federal:PreTax401k      1200.00 IRAUSD
  Assets:US:Babble:Vacation                             5 VACHR
  Income:US:Babble:Vacation                            -5 VACHR

2023-05-25 * "Babble" "Payroll"
  Assets:US:BofA:Checking                         1350.60 USD
  Assets:US:Vanguard:Cash                         1200.00 USD
  Income:US:Babble:Salary                        -4615.38 USD
  Income:US:Babble:GroupTermLife                   -24.32 USD
  Expenses:Health:Life:GroupTermLife                24.32 USD
  Expenses:Health:Dental:Insurance                   2.90 USD
  Expenses:Health:Medical:Insurance                 27.38 USD
  Expenses:Health:Vision:Insurance                  42.30 USD
  Expenses:Taxes:Y2023:US:Medicare                 106.62 USD
  Expenses:Taxes:Y2023:US:Federal                 1062.92 USD
  Expenses:Taxes:Y2023:US:State                    365.08 USD
  Expenses:Taxes:Y2023:US:CityNYC                  174.92 USD
  Expenses:Taxes:Y2023:US:SDI                        1.12 USD
  Expenses:Taxes:Y2023:US:SocSec                   281.54 USD
  Assets:US:Federal:PreTax401k                   -1200.00 IRAUSD
  Expenses:Taxes:Y2023:US:Federal:PreTax401k      1200.00 IRAUSD
  Assets:US:Babble:Vacation                             5 VACHR
  Income:US:Babble:Vacation                            -5 VACHR

2023-06-08 * "Babble" "Payroll"
  Assets:US:BofA:Checking                         1350.60 USD
  Assets:US:Vanguard:Cash                         1200.00 USD
  Income:US:Babble:Salary                        -4615.38 USD
  Income:US:Babble:GroupTermLife                   -24.32 USD
  Expenses:Health:Life:GroupTermLife                24.32 USD
  Expenses:Health:Dental:Insurance                   2.90 USD
  Expenses:Health:Medical:Insurance                 27.38 USD
  Expenses:Health:Vision:Insurance                  42.30 USD
  Expenses:Taxes:Y2023:US:Medicare                 106.62 USD
  Expenses:Taxes:Y2023:US:Federal                 1062.92 USD
  Expenses:Taxes:Y2023:US:State                    365.08 USD
  Expenses:Taxes:Y2023:US:CityNYC                  174.92 USD
  Expenses:Taxes:Y2023:US:SDI                        1.12 USD
  Expenses:Taxes:Y2023:US:SocSec                   281.54 USD
  Assets:US:Federal:PreTax401k                   -1200.00 IRAUSD
  Expenses:Taxes:Y2023:US:Federal:PreTax401k      1200.00 IRAUSD
  Assets:US:Babble:Vacation                             5 VACHR
  Income:US:Babble:Vacation                            -5 VACHR

2023-06-22 * "Babble" "Payroll"
  Assets:US:BofA:Checking                         1350.60 USD
  Assets:US:Vanguard:Cash                         1200.00 USD
  Income:US:Babble:Salary                        -4615.38 USD
  Income:US:Babble:GroupTermLife                   -24.32 USD
  Expenses:Health:Life:GroupTermLife                24.32 USD
  Expenses:Health:Dental:Insurance                   2.90 USD
  Expenses:Health:Medical:Insurance                 27.38 USD
  Expenses:Health:Vision:Insurance                  42.30 USD
  Expenses:Taxes:Y2023:US:Medicare                 106.62 USD
  Expenses:Taxes:Y2023:US:Federal                 1062.92 USD
  Expenses:Taxes:Y2023:US:State                    365.08 USD
  Expenses:Taxes:Y2023:US:CityNYC                  174.92 USD
  Expenses:Taxes:Y2023:US:SDI                        1.12 USD
  Expenses:Taxes:Y2023:US:SocSec                   281.54 USD
  Assets:US:Federal:PreTax401k                   -1200.00 IRAUSD
  Expenses:Taxes:Y2023:US:Federal:PreTax401k      1200.00 IRAUSD
  Assets:US:Babble:Vacation                             5 VACHR
  Income:US:Babble:Vacation                            -5 VACHR

2023-07-06 * "Babble" "Payroll"
  Assets:US:BofA:Checking                         1350.60 USD
  Assets:US:Vanguard:Cash                         1200.00 USD
  Income:US:Babble:Salary                        -4615.38 USD
  Income:US:Babble:GroupTermLife                   -24.32 USD
  Expenses:Health:Life:GroupTermLife                24.32 USD
  Expenses:Health:Dental:Insurance                   2.90 USD
  Expenses:Health:Medical:Insurance                 27.38 USD
  Expenses:Health:Vision:Insurance                  42.30 USD
  Expenses:Taxes:Y2023:US:Medicare                 106.62 USD
  Expenses:Taxes:Y2023:US:Federal                 1062.92 USD
  Expenses:Taxes:Y2023:US:State                    365.08 USD
  Expenses:Taxes:Y2023:US:CityNYC                  174.92 USD
  Expenses:Taxes:Y2023:US:SDI                        1.12 USD
  Expenses:Taxes:Y2023:US:SocSec                   281.54 USD
  Assets:US:Federal:PreTax401k                   -1200.00 IRAUSD
  Expenses:Taxes:Y2023:US:Federal:PreTax401k      1200.00 IRAUSD
  Assets:US:Babble:Vacation                             5 VACHR
  Income:US:Babble:Vacation                            -5 VACHR

2023-07-20 * "Babble" "Payroll"
  Assets:US:BofA:Checking                         1350.60 USD
  Assets:US:Vanguard:Cash                         1200.00 USD
  Income:US:Babble:Salary                        -4615.38 USD
  Income:US:Babble:GroupTermLife                   -24.32 USD
  Expenses:Health:Life:GroupTermLife                24.32 USD
  Expenses:Health:Dental:Insurance                   2.90 USD
  Expenses:Health:Medical:Insurance                 27.38 USD
  Expenses:Health:Vision:Insurance                  42.30 USD
  Expenses:Taxes:Y2023:US:Medicare                 106.62 USD
  Expenses:Taxes:Y2023:US:Federal                 1062.92 USD
  Expenses:Taxes:Y2023:US:State                    365.08 USD
  Expenses:Taxes:Y2023:US:CityNYC                  174.92 USD
  Expenses:Taxes:Y2023:US:SDI                        1.12 USD
  Expenses:Taxes:Y2023:US:SocSec                   281.54 USD
  Assets:US:Federal:PreTax401k                   -1200.00 IRAUSD
  Expenses:Taxes:Y2023:US:Federal:PreTax401k      1200.00 IRAUSD
  Assets:US:Babble:Vacation                             5 VACHR
  Income:US:Babble:Vacation                            -5 VACHR

2023-08-03 * "Babble" "Payroll"
  Assets:US:BofA:Checking                         2050.60 USD
  Assets:US:Vanguard:Cash                          500.00 USD
  Income:US:Babble:Salary                        -4615.38 USD
  Income:US:Babble:GroupTermLife                   -24.32 USD
  Expenses:Health:Life:GroupTermLife                24.32 USD
  Expenses:Health:Dental:Insurance                   2.90 USD
  Expenses:Health:Medical:Insurance                 27.38 USD
  Expenses:Health:Vision:Insurance                  42.30 USD
  Expenses:Taxes:Y2023:US:Medicare                 106.62 USD
  Expenses:Taxes:Y2023:US:Federal                 1062.92 USD
  Expenses:Taxes:Y2023:US:State                    365.08 USD
  Expenses:Taxes:Y2023:US:CityNYC                  174.92 USD
  Expenses:Taxes:Y2023:US:SDI                        1.12 USD
  Expenses:Taxes:Y2023:US:SocSec                   281.54 USD
  Assets:US:Federal:PreTax401k                    -500.00 IRAUSD
  Expenses:Taxes:Y2023:US:Federal:PreTax401k       500.00 IRAUSD
  Assets:US:Babble:Vacation                             5 VACHR
  Income:US:Babble:Vacation                            -5 VACHR



* Taxes

1980-05-12 open Income:US:Federal:PreTax401k                    IRAUSD
1980-05-12 open Assets:US:Federal:PreTax401k                    IRAUSD



** Tax Year 2021

2021-01-01 open Expenses:Taxes:Y2021:US:Federal:PreTax401k      IRAUSD
2021-01-01 open Expenses:Taxes:Y2021:US:Medicare                USD
2021-01-01 open Expenses:Taxes:Y2021:US:Federal                 USD
2021-01-01 open Expenses:Taxes:Y2021:US:CityNYC                 USD
2021-01-01 open Expenses:Taxes:Y2021:US:SDI                     USD
2021-01-01 open Expenses:Taxes:Y2021:US:State                   USD
2021-01-01 open Expenses:Taxes:Y2021:US:SocSec                  USD

2021-01-01 balance Assets:US:Federal:PreTax401k         0 IRAUSD

2021-01-01 * "Allowed contributions for one year"
  Income:US:Federal:PreTax401k                     -18500 IRAUSD
  Assets:US:Federal:PreTax401k                      18500 IRAUSD

2022-03-23 * "Filing taxes for 2021"
  Expenses:Taxes:Y2021:US:Federal                  482.03 USD
  Expenses:Taxes:Y2021:US:State                    287.58 USD
  Liabilities:AccountsPayable                     -769.61 USD

2022-03-25 * "STATE TAX & FINANC PYMT"
  Assets:US:BofA:Checking                         -287.58 USD
  Liabilities:AccountsPayable                      287.58 USD

2022-03-26 * "FEDERAL TAXPYMT"
  Assets:US:BofA:Checking                         -482.03 USD
  Liabilities:AccountsPayable                      482.03 USD



** Tax Year 2022

2022-01-01 open Expenses:Taxes:Y2022:US:Federal:PreTax401k      IRAUSD
2022-01-01 open Expenses:Taxes:Y2022:US:Medicare                USD
2022-01-01 open Expenses:Taxes:Y2022:US:Federal                 USD
2022-01-01 open Expenses:Taxes:Y2022:US:CityNYC                 USD
2022-01-01 open Expenses:Taxes:Y2022:US:SDI                     USD
2022-01-01 open Expenses:Taxes:Y2022:US:State                   USD
2022-01-01 open Expenses:Taxes:Y2022:US:SocSec                  USD

2022-01-01 balance Assets:US:Federal:PreTax401k         0 IRAUSD

2022-01-01 * "Allowed contributions for one year"
  Income:US:Federal:PreTax401k                     -18500 IRAUSD
  Assets:US:Federal:PreTax401k                      18500 IRAUSD

2023-03-25 * "Filing taxes for 2022"
  Expenses:Taxes:Y2022:US:Federal                  537.00 USD
  Expenses:Taxes:Y2022:US:State                    440.44 USD
  Liabilities:AccountsPayable                     -977.44 USD

2023-03-25 * "FEDERAL TAXPYMT"
  Assets:US:BofA:Checking                         -537.00 USD
  Liabilities:AccountsPayable                      537.00 USD

2023-03-29 * "STATE TAX & FINANC PYMT"
  Assets:US:BofA:Checking                         -440.44 USD
  Liabilities:AccountsPayable                      440.44 USD



** Tax Year 2023

2023-01-01 open Expenses:Taxes:Y2023:US:Federal:PreTax401k      IRAUSD
2023-01-01 open Expenses:Taxes:Y2023:US:Medicare                USD
2023-01-01 open Expenses:Taxes:Y2023:US:Federal                 USD
2023-01-01 open Expenses:Taxes:Y2023:US:CityNYC                 USD
2023-01-01 open Expenses:Taxes:Y2023:US:SDI                     USD
2023-01-01 open Expenses:Taxes:Y2023:US:State                   USD
2023-01-01 open Expenses:Taxes:Y2023:US:SocSec                  USD

2023-01-01 balance Assets:US:Federal:PreTax401k         0 IRAUSD

2023-01-01 * "Allowed contributions for one year"
  Income:US:Federal:PreTax401k                     -18500 IRAUSD
  Assets:US:Federal:PreTax401k                      18500 IRAUSD



* Expenses

1980-05-12 open Expenses:Food:Groceries
1980-05-12 open Expenses:Food:Restaurant
1980-05-12 open Expenses:Food:Coffee
1980-05-12 open Expenses:Food:Alcohol
1980-05-12 open Expenses:Transport:Tram
1980-05-12 open Expenses:Home:Rent
1980-05-12 open Expenses:Home:Electricity
1980-05-12 open Expenses:Home:Internet
1980-05-12 open Expenses:Home:Phone
1980-05-12 open Expenses:Financial:Fees
1980-05-12 open Expenses:Financial:Commissions



* Prices

2021-01-01 price VBMPX                             104.89 USD
2021-01-01 price RGAGX                             172.91 USD
2021-01-01 price ITOT                              159.09 USD
2021-01-01 price VEA                               121.81 USD
2021-01-01 price VHT                               126.77 USD
2021-01-01 price GLD                               119.62 USD
2021-01-08 price VBMPX                             105.93 USD
2021-01-08 price RGAGX                             168.99 USD
2021-01-08 price ITOT                              158.99 USD
2021-01-08 price VEA                               119.60 USD
2021-01-08 price VHT                               127.91 USD
2021-01-08 price GLD                               120.84 USD
2021-01-15 price VBMPX                             105.65 USD
2021-01-15 price RGAGX                             169.98 USD
2021-01-15 price ITOT                              158.34 USD
2021-01-15 price VEA                               122.25 USD
2021-01-15 price VHT                               128.73 USD
2021-01-15 price GLD                               121.08 USD
2021-01-22 price VBMPX                             104.90 USD
2021-01-22 price RGAGX                             174.20 USD
2021-01-22 price ITOT                              159.28 USD
2021-01-22 price VEA                               121.67 USD
2021-01-22 price VHT                               127.46 USD
2021-01-22 price GLD                               120.35 USD
2021-01-29 price VBMPX                             104.74 USD
2021-01-29 price RGAGX                             170.86 USD
2021-01-29 price ITOT                              157.44 USD
2021-01-29 price VEA                               122.25 USD
2021-01-29 price VHT                               128.32 USD
2021-01-29 price GLD                               121.45 USD
2021-02-05 price VBMPX                             105.05 USD
2021-02-05 price RGAGX                             171.35 USD
2021-02-05 price ITOT                              156.01 USD
2021-02-05 price VEA                               122.87 USD
2021-02-05 price VHT                               127.33 USD
2021-02-05 price GLD                               120.75 USD
2021-02-12 price VBMPX                             103.90 USD
2021-02-12 price RGAGX                             169.41 USD
2021-02-12 price ITOT                              153.70 USD
2021-02-12 price VEA                               124.11 USD
2021-02-12 price VHT                               127.52 USD
2021-02-12 price GLD                               122.12 USD
2021-02-19 price VBMPX                             103.50 USD
2021-02-19 price RGAGX                             170.06 USD
2021-02-19 price ITOT                              156.21 USD
2021-02-19 price VEA                               125.47 USD
2021-02-19 price VHT                               129.50 USD
2021-02-19 price GLD                               120.54 USD
2021-02-26 price VBMPX                             103.69 USD
2021-02-26 price RGAGX                             170.08 USD
2021-02-26 price ITOT                              155.87 USD
2021-02-26 price VEA                               124.88 USD
2021-02-26 price VHT                               128.14 USD
2021-02-26 price GLD                               120.81 USD
2021-03-05 price VBMPX                             105.20 USD
2021-03-05 price RGAGX                             172.68 USD
2021-03-05 price ITOT                              155.74 USD
2021-03-05 price VEA                               122.65 USD
2021-03-05 price VHT                               127.84 USD
2021-03-05 price GLD                               119.95 USD
2021-03-12 price VBMPX                             107.02 USD
2021-03-12 price RGAGX                             173.55 USD
2021-03-12 price ITOT                              156.29 USD
2021-03-12 price VEA                               122.17 USD
2021-03-12 price VHT                               129.21 USD
2021-03-12 price GLD                               119.48 USD
2021-03-19 price VBMPX                             106.98 USD
2021-03-19 price RGAGX                             174.26 USD
2021-03-19 price ITOT                              156.62 USD
2021-03-19 price VEA                               120.12 USD
2021-03-19 price VHT                               125.50 USD
2021-03-19 price GLD                               120.11 USD
2021-03-26 price VBMPX                             108.46 USD
2021-03-26 price RGAGX                             174.89 USD
2021-03-26 price ITOT                              157.66 USD
2021-03-26 price VEA                               120.04 USD
2021-03-26 price VHT                               125.02 USD
2021-03-26 price GLD                               121.20 USD
2021-04-02 price VBMPX                             109.40 USD
2021-04-02 price RGAGX                             178.21 USD
2021-04-02 price ITOT                              157.31 USD
2021-04-02 price VEA                               121.10 USD
2021-04-02 price VHT                               124.80 USD
2021-04-02 price GLD                               122.51 USD
2021-04-09 price VBMPX                             109.91 USD
2021-04-09 price RGAGX                             171.62 USD
2021-04-09 price ITOT                              158.60 USD
2021-04-09 price VEA                               120.35 USD
2021-04-09 price VHT                               124.61 USD
2021-04-09 price GLD                               122.79 USD
2021-04-16 price VBMPX                             110.54 USD
2021-04-16 price RGAGX                             178.21 USD
2021-04-16 price ITOT                              156.00 USD
2021-04-16 price VEA                               119.89 USD
2021-04-16 price VHT                               124.12 USD
2021-04-16 price GLD                               121.69 USD
2021-04-23 price VBMPX                             109.49 USD
2021-04-23 price RGAGX                             177.23 USD
2021-04-23 price ITOT                              154.75 USD
2021-04-23 price VEA                               119.86 USD
2021-04-23 price VHT                               124.62 USD
2021-04-23 price GLD                               123.46 USD
2021-04-30 price VBMPX                             108.53 USD
2021-04-30 price RGAGX                             178.51 USD
2021-04-30 price ITOT                              154.77 USD
2021-04-30 price VEA                               119.85 USD
2021-04-30 price VHT                               123.78 USD
2021-04-30 price GLD                               123.54 USD
2021-05-07 price VBMPX                             105.69 USD
2021-05-07 price RGAGX                             174.15 USD
2021-05-07 price ITOT                              156.23 USD
2021-05-07 price VEA                               120.88 USD
2021-05-07 price VHT                               128.00 USD
2021-05-07 price GLD                               124.17 USD
2021-05-14 price VBMPX                             106.39 USD
2021-05-14 price RGAGX                             178.57 USD
2021-05-14 price ITOT                              157.17 USD
2021-05-14 price VEA                               122.28 USD
2021-05-14 price VHT                               129.66 USD
2021-05-14 price GLD                               122.51 USD
2021-05-21 price VBMPX                             107.54 USD
2021-05-21 price RGAGX                             178.64 USD
2021-05-21 price ITOT                              155.67 USD
2021-05-21 price VEA                               121.11 USD
2021-05-21 price VHT                               129.93 USD
2021-05-21 price GLD                               123.77 USD
2021-05-28 price VBMPX                             107.85 USD
2021-05-28 price RGAGX                             174.64 USD
2021-05-28 price ITOT                              157.62 USD
2021-05-28 price VEA                               120.75 USD
2021-05-28 price VHT                               130.81 USD
2021-05-28 price GLD                               123.72 USD
2021-06-04 price VBMPX                             106.99 USD
2021-06-04 price RGAGX                             170.74 USD
2021-06-04 price ITOT                              160.00 USD
2021-06-04 price VEA                               120.86 USD
2021-06-04 price VHT                               127.48 USD
2021-06-04 price GLD                               124.85 USD
2021-06-11 price VBMPX                             108.32 USD
2021-06-11 price RGAGX                             167.00 USD
2021-06-11 price ITOT                              162.96 USD
2021-06-11 price VEA                               120.51 USD
2021-06-11 price VHT                               128.41 USD
2021-06-11 price GLD                               125.61 USD
2021-06-18 price VBMPX                             108.54 USD
2021-06-18 price RGAGX                             167.80 USD
2021-06-18 price ITOT                              164.42 USD
2021-06-18 price VEA                               120.88 USD
2021-06-18 price VHT                               126.03 USD
2021-06-18 price GLD                               125.50 USD
2021-06-25 price VBMPX                             107.44 USD
2021-06-25 price RGAGX                             169.01 USD
2021-06-25 price ITOT                              164.21 USD
2021-06-25 price VEA                               119.95 USD
2021-06-25 price VHT                               127.95 USD
2021-06-25 price GLD                               126.01 USD
2021-07-02 price VBMPX                             107.00 USD
2021-07-02 price RGAGX                             170.48 USD
2021-07-02 price ITOT                              167.31 USD
2021-07-02 price VEA                               120.41 USD
2021-07-02 price VHT                               127.36 USD
2021-07-02 price GLD                               124.93 USD
2021-07-09 price VBMPX                             107.19 USD
2021-07-09 price RGAGX                             171.72 USD
2021-07-09 price ITOT                              169.22 USD
2021-07-09 price VEA                               118.93 USD
2021-07-09 price VHT                               128.06 USD
2021-07-09 price GLD                               126.24 USD
2021-07-16 price VBMPX                             107.41 USD
2021-07-16 price RGAGX                             169.13 USD
2021-07-16 price ITOT                              167.53 USD
2021-07-16 price VEA                               119.11 USD
2021-07-16 price VHT                               128.36 USD
2021-07-16 price GLD                               124.02 USD
2021-07-23 price VBMPX                             106.91 USD
2021-07-23 price RGAGX                             164.59 USD
2021-07-23 price ITOT                              167.50 USD
2021-07-23 price VEA                               119.19 USD
2021-07-23 price VHT                               129.99 USD
2021-07-23 price GLD                               124.22 USD
2021-07-30 price VBMPX                             107.04 USD
2021-07-30 price RGAGX                             165.23 USD
2021-07-30 price ITOT                              166.54 USD
2021-07-30 price VEA                               117.78 USD
2021-07-30 price VHT                               130.52 USD
2021-07-30 price GLD                               124.11 USD
2021-08-06 price VBMPX                             107.36 USD
2021-08-06 price RGAGX                             160.87 USD
2021-08-06 price ITOT                              167.48 USD
2021-08-06 price VEA                               116.41 USD
2021-08-06 price VHT                               128.41 USD
2021-08-06 price GLD                               124.82 USD
2021-08-13 price VBMPX                             107.69 USD
2021-08-13 price RGAGX                             162.18 USD
2021-08-13 price ITOT                              167.55 USD
2021-08-13 price VEA                               116.58 USD
2021-08-13 price VHT                               129.07 USD
2021-08-13 price GLD                               124.76 USD
2021-08-20 price VBMPX                             107.59 USD
2021-08-20 price RGAGX                             156.93 USD
2021-08-20 price ITOT                              164.69 USD
2021-08-20 price VEA                               116.95 USD
2021-08-20 price VHT                               126.73 USD
2021-08-20 price GLD                               125.06 USD
2021-08-27 price VBMPX                             106.91 USD
2021-08-27 price RGAGX                             157.05 USD
2021-08-27 price ITOT                              165.79 USD
2021-08-27 price VEA                               118.16 USD
2021-08-27 price VHT                               126.49 USD
2021-08-27 price GLD                               125.12 USD
2021-09-03 price VBMPX                             107.58 USD
2021-09-03 price RGAGX                             160.79 USD
2021-09-03 price ITOT                              163.77 USD
2021-09-03 price VEA                               118.80 USD
2021-09-03 price VHT                               124.44 USD
2021-09-03 price GLD                               125.49 USD
2021-09-10 price VBMPX                             107.86 USD
2021-09-10 price RGAGX                             160.04 USD
2021-09-10 price ITOT                              164.95 USD
2021-09-10 price VEA                               118.46 USD
2021-09-10 price VHT                               123.87 USD
2021-09-10 price GLD                               125.67 USD
2021-09-17 price VBMPX                             108.12 USD
2021-09-17 price RGAGX                             166.16 USD
2021-09-17 price ITOT                              166.12 USD
2021-09-17 price VEA                               118.15 USD
2021-09-17 price VHT                               126.22 USD
2021-09-17 price GLD                               125.53 USD
2021-09-24 price VBMPX                             106.87 USD
2021-09-24 price RGAGX                             164.07 USD
2021-09-24 price ITOT                              166.93 USD
2021-09-24 price VEA                               117.23 USD
2021-09-24 price VHT                               124.20 USD
2021-09-24 price GLD                               129.38 USD
2021-10-01 price VBMPX                             106.35 USD
2021-10-01 price RGAGX                             164.88 USD
2021-10-01 price ITOT                              168.87 USD
2021-10-01 price VEA                               116.05 USD
2021-10-01 price VHT                               122.17 USD
2021-10-01 price GLD                               128.97 USD
2021-10-08 price VBMPX                             105.72 USD
2021-10-08 price RGAGX                             166.81 USD
2021-10-08 price ITOT                              171.13 USD
2021-10-08 price VEA                               117.29 USD
2021-10-08 price VHT                               124.59 USD
2021-10-08 price GLD                               129.84 USD
2021-10-15 price VBMPX                             107.48 USD
2021-10-15 price RGAGX                             164.87 USD
2021-10-15 price ITOT                              170.52 USD
2021-10-15 price VEA                               117.94 USD
2021-10-15 price VHT                               124.23 USD
2021-10-15 price GLD                               129.45 USD
2021-10-22 price VBMPX                             107.60 USD
2021-10-22 price RGAGX                             163.74 USD
2021-10-22 price ITOT                              170.37 USD
2021-10-22 price VEA                               118.64 USD
2021-10-22 price VHT                               125.50 USD
2021-10-22 price GLD                               130.67 USD
2021-10-29 price VBMPX                             106.82 USD
2021-10-29 price RGAGX                             160.62 USD
2021-10-29 price ITOT                              172.53 USD
2021-10-29 price VEA                               118.25 USD
2021-10-29 price VHT                               127.50 USD
2021-10-29 price GLD                               130.33 USD
2021-11-05 price VBMPX                             108.26 USD
2021-11-05 price RGAGX                             159.23 USD
2021-11-05 price ITOT                              170.26 USD
2021-11-05 price VEA                               118.39 USD
2021-11-05 price VHT                               127.01 USD
2021-11-05 price GLD                               131.46 USD
2021-11-12 price VBMPX                             108.57 USD
2021-11-12 price RGAGX                             161.15 USD
2021-11-12 price ITOT                              173.42 USD
2021-11-12 price VEA                               119.91 USD
2021-11-12 price VHT                               126.86 USD
2021-11-12 price GLD                               131.77 USD
2021-11-19 price VBMPX                             105.95 USD
2021-11-19 price RGAGX                             164.77 USD
2021-11-19 price ITOT                              176.92 USD
2021-11-19 price VEA                               117.98 USD
2021-11-19 price VHT                               126.85 USD
2021-11-19 price GLD                               131.77 USD
2021-11-26 price VBMPX                             105.96 USD
2021-11-26 price RGAGX                             165.58 USD
2021-11-26 price ITOT                              177.63 USD
2021-11-26 price VEA                               119.36 USD
2021-11-26 price VHT                               125.93 USD
2021-11-26 price GLD                               132.45 USD
2021-12-03 price VBMPX                             105.47 USD
2021-12-03 price RGAGX                             167.21 USD
2021-12-03 price ITOT                              178.69 USD
2021-12-03 price VEA                               120.32 USD
2021-12-03 price VHT                               128.50 USD
2021-12-03 price GLD                               133.57 USD
2021-12-10 price VBMPX                             105.26 USD
2021-12-10 price RGAGX                             170.66 USD
2021-12-10 price ITOT                              179.12 USD
2021-12-10 price VEA                               121.21 USD
2021-12-10 price VHT                               130.07 USD
2021-12-10 price GLD                               133.79 USD
2021-12-17 price VBMPX                             105.26 USD
2021-12-17 price RGAGX                             169.12 USD
2021-12-17 price ITOT                              179.76 USD
2021-12-17 price VEA                               119.70 USD
2021-12-17 price VHT                               132.93 USD
2021-12-17 price GLD                               133.15 USD
2021-12-24 price VBMPX                             104.01 USD
2021-12-24 price RGAGX                             166.58 USD
2021-12-24 price ITOT                              180.80 USD
2021-12-24 price VEA                               119.42 USD
2021-12-24 price VHT                               131.17 USD
2021-12-24 price GLD                               132.63 USD
2021-12-31 price VBMPX                             101.48 USD
2021-12-31 price RGAGX                             164.87 USD
2021-12-31 price ITOT                              180.75 USD
2021-12-31 price VEA                               118.49 USD
2021-12-31 price VHT                               131.42 USD
2021-12-31 price GLD                               133.29 USD
2022-01-07 price VBMPX                             100.25 USD
2022-01-07 price RGAGX                             160.40 USD
2022-01-07 price ITOT                              182.89 USD
2022-01-07 price VEA                               118.55 USD
2022-01-07 price VHT                               130.92 USD
2022-01-07 price GLD                               132.84 USD
2022-01-14 price VBMPX                              99.41 USD
2022-01-14 price RGAGX                             162.92 USD
2022-01-14 price ITOT                              185.67 USD
2022-01-14 price VEA                               117.84 USD
2022-01-14 price VHT                               131.29 USD
2022-01-14 price GLD                               134.21 USD
2022-01-21 price VBMPX                             100.82 USD
2022-01-21 price RGAGX                             162.75 USD
2022-01-21 price ITOT                              183.41 USD
2022-01-21 price VEA                               118.17 USD
2022-01-21 price VHT                               130.56 USD
2022-01-21 price GLD                               134.90 USD
2022-01-28 price VBMPX                              99.74 USD
2022-01-28 price RGAGX                             160.26 USD
2022-01-28 price ITOT                              183.90 USD
2022-01-28 price VEA                               119.19 USD
2022-01-28 price VHT                               130.40 USD
2022-01-28 price GLD                               137.15 USD
2022-02-04 price VBMPX                              98.63 USD
2022-02-04 price RGAGX                             161.41 USD
2022-02-04 price ITOT                              184.89 USD
2022-02-04 price VEA                               118.20 USD
2022-02-04 price VHT                               131.15 USD
2022-02-04 price GLD                               138.31 USD
2022-02-11 price VBMPX                             100.14 USD
2022-02-11 price RGAGX                             163.56 USD
2022-02-11 price ITOT                              184.87 USD
2022-02-11 price VEA                               117.33 USD
2022-02-11 price VHT                               133.39 USD
2022-02-11 price GLD                               138.07 USD
2022-02-18 price VBMPX                              99.99 USD
2022-02-18 price RGAGX                             169.08 USD
2022-02-18 price ITOT                              189.58 USD
2022-02-18 price VEA                               118.43 USD
2022-02-18 price VHT                               136.39 USD
2022-02-18 price GLD                               138.62 USD
2022-02-25 price VBMPX                             100.64 USD
2022-02-25 price RGAGX                             172.98 USD
2022-02-25 price ITOT                              189.22 USD
2022-02-25 price VEA                               118.19 USD
2022-02-25 price VHT                               137.50 USD
2022-02-25 price GLD                               138.16 USD
2022-03-04 price VBMPX                             101.40 USD
2022-03-04 price RGAGX                             168.81 USD
2022-03-04 price ITOT                              189.79 USD
2022-03-04 price VEA                               117.09 USD
2022-03-04 price VHT                               137.44 USD
2022-03-04 price GLD                               138.32 USD
2022-03-11 price VBMPX                             101.52 USD
2022-03-11 price RGAGX                             166.33 USD
2022-03-11 price ITOT                              191.15 USD
2022-03-11 price VEA                               118.49 USD
2022-03-11 price VHT                               137.29 USD
2022-03-11 price GLD                               139.09 USD
2022-03-18 price VBMPX                             102.61 USD
2022-03-18 price RGAGX                             162.48 USD
2022-03-18 price ITOT                              189.44 USD
2022-03-18 price VEA                               119.37 USD
2022-03-18 price VHT                               135.66 USD
2022-03-18 price GLD                               139.98 USD
2022-03-25 price VBMPX                             101.94 USD
2022-03-25 price RGAGX                             160.73 USD
2022-03-25 price ITOT                              189.98 USD
2022-03-25 price VEA                               120.73 USD
2022-03-25 price VHT                               137.78 USD
2022-03-25 price GLD                               140.53 USD
2022-04-01 price VBMPX                             102.46 USD
2022-04-01 price RGAGX                             160.84 USD
2022-04-01 price ITOT                              188.41 USD
2022-04-01 price VEA                               120.31 USD
2022-04-01 price VHT                               139.77 USD
2022-04-01 price GLD                               140.55 USD
2022-04-08 price VBMPX                             102.38 USD
2022-04-08 price RGAGX                             166.17 USD
2022-04-08 price ITOT                              190.69 USD
2022-04-08 price VEA                               121.05 USD
2022-04-08 price VHT                               139.70 USD
2022-04-08 price GLD                               139.51 USD
2022-04-15 price VBMPX                             102.51 USD
2022-04-15 price RGAGX                             168.94 USD
2022-04-15 price ITOT                              189.07 USD
2022-04-15 price VEA                               122.62 USD
2022-04-15 price VHT                               138.34 USD
2022-04-15 price GLD                               139.68 USD
2022-04-22 price VBMPX                             104.16 USD
2022-04-22 price RGAGX                             167.48 USD
2022-04-22 price ITOT                              192.38 USD
2022-04-22 price VEA                               122.52 USD
2022-04-22 price VHT                               137.07 USD
2022-04-22 price GLD                               140.32 USD
2022-04-29 price VBMPX                             106.63 USD
2022-04-29 price RGAGX                             166.96 USD
2022-04-29 price ITOT                              192.22 USD
2022-04-29 price VEA                               124.04 USD
2022-04-29 price VHT                               137.16 USD
2022-04-29 price GLD                               140.11 USD
2022-05-06 price VBMPX                             107.10 USD
2022-05-06 price RGAGX                             171.61 USD
2022-05-06 price ITOT                              193.46 USD
2022-05-06 price VEA                               125.22 USD
2022-05-06 price VHT                               137.99 USD
2022-05-06 price GLD                               140.60 USD
2022-05-13 price VBMPX                             107.99 USD
2022-05-13 price RGAGX                             178.29 USD
2022-05-13 price ITOT                              196.00 USD
2022-05-13 price VEA                               123.95 USD
2022-05-13 price VHT                               138.76 USD
2022-05-13 price GLD                               141.59 USD
2022-05-20 price VBMPX                             108.71 USD
2022-05-20 price RGAGX                             181.43 USD
2022-05-20 price ITOT                              197.96 USD
2022-05-20 price VEA                               124.40 USD
2022-05-20 price VHT                               138.32 USD
2022-05-20 price GLD                               142.86 USD
2022-05-27 price VBMPX                             110.18 USD
2022-05-27 price RGAGX                             179.31 USD
2022-05-27 price ITOT                              193.97 USD
2022-05-27 price VEA                               123.55 USD
2022-05-27 price VHT                               137.65 USD
2022-05-27 price GLD                               142.03 USD
2022-06-03 price VBMPX                             111.41 USD
2022-06-03 price RGAGX                             181.37 USD
2022-06-03 price ITOT                              195.19 USD
2022-06-03 price VEA                               124.65 USD
2022-06-03 price VHT                               140.37 USD
2022-06-03 price GLD                               141.59 USD
2022-06-10 price VBMPX                             112.76 USD
2022-06-10 price RGAGX                             187.25 USD
2022-06-10 price ITOT                              195.99 USD
2022-06-10 price VEA                               123.13 USD
2022-06-10 price VHT                               139.83 USD
2022-06-10 price GLD                               141.60 USD
2022-06-17 price VBMPX                             112.48 USD
2022-06-17 price RGAGX                             190.96 USD
2022-06-17 price ITOT                              195.32 USD
2022-06-17 price VEA                               123.47 USD
2022-06-17 price VHT                               139.16 USD
2022-06-17 price GLD                               141.79 USD
2022-06-24 price VBMPX                             113.48 USD
2022-06-24 price RGAGX                             188.20 USD
2022-06-24 price ITOT                              196.28 USD
2022-06-24 price VEA                               124.67 USD
2022-06-24 price VHT                               140.12 USD
2022-06-24 price GLD                               140.84 USD
2022-07-01 price VBMPX                             111.74 USD
2022-07-01 price RGAGX                             193.56 USD
2022-07-01 price ITOT                              195.52 USD
2022-07-01 price VEA                               126.06 USD
2022-07-01 price VHT                               140.58 USD
2022-07-01 price GLD                               142.46 USD
2022-07-08 price VBMPX                             109.25 USD
2022-07-08 price RGAGX                             192.38 USD
2022-07-08 price ITOT                              196.63 USD
2022-07-08 price VEA                               125.65 USD
2022-07-08 price VHT                               141.32 USD
2022-07-08 price GLD                               141.49 USD
2022-07-15 price VBMPX                             109.97 USD
2022-07-15 price RGAGX                             189.16 USD
2022-07-15 price ITOT                              198.87 USD
2022-07-15 price VEA                               127.16 USD
2022-07-15 price VHT                               141.87 USD
2022-07-15 price GLD                               141.81 USD
2022-07-22 price VBMPX                             111.69 USD
2022-07-22 price RGAGX                             192.18 USD
2022-07-22 price ITOT                              198.89 USD
2022-07-22 price VEA                               127.88 USD
2022-07-22 price VHT                               141.10 USD
2022-07-22 price GLD                               142.16 USD
2022-07-29 price VBMPX                             109.35 USD
2022-07-29 price RGAGX                             195.01 USD
2022-07-29 price ITOT                              202.50 USD
2022-07-29 price VEA                               125.94 USD
2022-07-29 price VHT                               143.02 USD
2022-07-29 price GLD                               143.00 USD
2022-08-05 price VBMPX                             109.42 USD
2022-08-05 price RGAGX                             203.93 USD
2022-08-05 price ITOT                              199.22 USD
2022-08-05 price VEA                               125.55 USD
2022-08-05 price VHT                               146.41 USD
2022-08-05 price GLD                               142.14 USD
2022-08-12 price VBMPX                             108.21 USD
2022-08-12 price RGAGX                             200.53 USD
2022-08-12 price ITOT                              199.00 USD
2022-08-12 price VEA                               124.10 USD
2022-08-12 price VHT                               147.72 USD
2022-08-12 price GLD                               142.15 USD
2022-08-19 price VBMPX                             109.28 USD
2022-08-19 price RGAGX                             197.64 USD
2022-08-19 price ITOT                              198.90 USD
2022-08-19 price VEA                               125.23 USD
2022-08-19 price VHT                               147.77 USD
2022-08-19 price GLD                               143.24 USD
2022-08-26 price VBMPX                             109.67 USD
2022-08-26 price RGAGX                             198.99 USD
2022-08-26 price ITOT                              202.71 USD
2022-08-26 price VEA                               126.12 USD
2022-08-26 price VHT                               147.03 USD
2022-08-26 price GLD                               142.21 USD
2022-09-02 price VBMPX                             109.95 USD
2022-09-02 price RGAGX                             200.59 USD
2022-09-02 price ITOT                              201.09 USD
2022-09-02 price VEA                               124.91 USD
2022-09-02 price VHT                               146.88 USD
2022-09-02 price GLD                               140.14 USD
2022-09-09 price VBMPX                             111.37 USD
2022-09-09 price RGAGX                             203.31 USD
2022-09-09 price ITOT                              198.44 USD
2022-09-09 price VEA                               125.11 USD
2022-09-09 price VHT                               147.83 USD
2022-09-09 price GLD                               140.12 USD
2022-09-16 price VBMPX                             111.94 USD
2022-09-16 price RGAGX                             203.89 USD
2022-09-16 price ITOT                              200.32 USD
2022-09-16 price VEA                               122.43 USD
2022-09-16 price VHT                               146.58 USD
2022-09-16 price GLD                               141.17 USD
2022-09-23 price VBMPX                             115.69 USD
2022-09-23 price RGAGX                             204.14 USD
2022-09-23 price ITOT                              197.42 USD
2022-09-23 price VEA                               121.79 USD
2022-09-23 price VHT                               146.41 USD
2022-09-23 price GLD                               139.63 USD
2022-09-30 price VBMPX                             117.29 USD
2022-09-30 price RGAGX                             202.00 USD
2022-09-30 price ITOT                              193.40 USD
2022-09-30 price VEA                               122.50 USD
2022-09-30 price VHT                               147.55 USD
2022-09-30 price GLD                               140.79 USD
2022-10-07 price VBMPX                             114.99 USD
2022-10-07 price RGAGX                             204.66 USD
2022-10-07 price ITOT                              195.56 USD
2022-10-07 price VEA                               124.75 USD
2022-10-07 price VHT                               148.94 USD
2022-10-07 price GLD                               138.77 USD
2022-10-14 price VBMPX                             113.69 USD
2022-10-14 price RGAGX                             201.38 USD
2022-10-14 price ITOT                              195.12 USD
2022-10-14 price VEA                               124.99 USD
2022-10-14 price VHT                               147.49 USD
2022-10-14 price GLD                               139.45 USD
2022-10-21 price VBMPX                             112.43 USD
2022-10-21 price RGAGX                             199.50 USD
2022-10-21 price ITOT                              191.99 USD
2022-10-21 price VEA                               123.66 USD
2022-10-21 price VHT                               147.74 USD
2022-10-21 price GLD                               140.06 USD
2022-10-28 price VBMPX                             113.22 USD
2022-10-28 price RGAGX                             196.42 USD
2022-10-28 price ITOT                              192.25 USD
2022-10-28 price VEA                               123.29 USD
2022-10-28 price VHT                               149.10 USD
2022-10-28 price GLD                               138.75 USD
2022-11-04 price VBMPX                             113.07 USD
2022-11-04 price RGAGX                             194.92 USD
2022-11-04 price ITOT                              192.60 USD
2022-11-04 price VEA                               122.99 USD
2022-11-04 price VHT                               147.25 USD
2022-11-04 price GLD                               138.09 USD
2022-11-11 price VBMPX                             113.63 USD
2022-11-11 price RGAGX                             192.97 USD
2022-11-11 price ITOT                              191.49 USD
2022-11-11 price VEA                               123.71 USD
2022-11-11 price VHT                               146.57 USD
2022-11-11 price GLD                               137.80 USD
2022-11-18 price VBMPX                             114.65 USD
2022-11-18 price RGAGX                             191.23 USD
2022-11-18 price ITOT                              191.40 USD
2022-11-18 price VEA                               122.26 USD
2022-11-18 price VHT                               149.56 USD
2022-11-18 price GLD                               138.74 USD
2022-11-25 price VBMPX                             114.94 USD
2022-11-25 price RGAGX                             189.74 USD
2022-11-25 price ITOT                              193.42 USD
2022-11-25 price VEA                               121.04 USD
2022-11-25 price VHT                               147.10 USD
2022-11-25 price GLD                               139.87 USD
2022-12-02 price VBMPX                             115.94 USD
2022-12-02 price RGAGX                             194.64 USD
2022-12-02 price ITOT                              193.41 USD
2022-12-02 price VEA                               122.36 USD
2022-12-02 price VHT                               147.11 USD
2022-12-02 price GLD                               141.29 USD
2022-12-09 price VBMPX                             116.60 USD
2022-12-09 price RGAGX                             191.70 USD
2022-12-09 price ITOT                              194.48 USD
2022-12-09 price VEA                               122.57 USD
2022-12-09 price VHT                               150.61 USD
2022-12-09 price GLD                               142.35 USD
2022-12-16 price VBMPX                             117.04 USD
2022-12-16 price RGAGX                             190.84 USD
2022-12-16 price ITOT                              196.68 USD
2022-12-16 price VEA                               120.78 USD
2022-12-16 price VHT                               149.48 USD
2022-12-16 price GLD                               143.14 USD
2022-12-23 price VBMPX                             117.07 USD
2022-12-23 price RGAGX                             191.64 USD
2022-12-23 price ITOT                              195.52 USD
2022-12-23 price VEA                               121.28 USD
2022-12-23 price VHT                               145.79 USD
2022-12-23 price GLD                               143.95 USD
2022-12-30 price VBMPX                             116.53 USD
2022-12-30 price RGAGX                             189.27 USD
2022-12-30 price ITOT                              197.09 USD
2022-12-30 price VEA                               121.65 USD
2022-12-30 price VHT                               145.78 USD
2022-12-30 price GLD                               143.90 USD
2023-01-06 price VBMPX                             115.77 USD
2023-01-06 price RGAGX                             192.17 USD
2023-01-06 price ITOT                              198.60 USD
2023-01-06 price VEA                               121.61 USD
2023-01-06 price VHT                               145.38 USD
2023-01-06 price GLD                               142.23 USD
2023-01-13 price VBMPX                             116.29 USD
2023-01-13 price RGAGX                             189.02 USD
2023-01-13 price ITOT                              202.51 USD
2023-01-13 price VEA                               121.26 USD
2023-01-13 price VHT                               148.10 USD
2023-01-13 price GLD                               142.22 USD
2023-01-20 price VBMPX                             115.83 USD
2023-01-20 price RGAGX                             190.06 USD
2023-01-20 price ITOT                              201.13 USD
2023-01-20 price VEA                               122.95 USD
2023-01-20 price VHT                               147.84 USD
2023-01-20 price GLD                               141.64 USD
2023-01-27 price VBMPX                             116.44 USD
2023-01-27 price RGAGX                             188.62 USD
2023-01-27 price ITOT                              200.78 USD
2023-01-27 price VEA                               122.92 USD
2023-01-27 price VHT                               145.43 USD
2023-01-27 price GLD                               143.84 USD
2023-02-03 price VBMPX                             115.84 USD
2023-02-03 price RGAGX                             189.01 USD
2023-02-03 price ITOT                              199.51 USD
2023-02-03 price VEA                               123.33 USD
2023-02-03 price VHT                               143.48 USD
2023-02-03 price GLD                               143.38 USD
2023-02-10 price VBMPX                             114.57 USD
2023-02-10 price RGAGX                             197.11 USD
2023-02-10 price ITOT                              199.94 USD
2023-02-10 price VEA                               123.85 USD
2023-02-10 price VHT                               144.88 USD
2023-02-10 price GLD                               144.94 USD
2023-02-17 price VBMPX                             116.32 USD
2023-02-17 price RGAGX                             196.13 USD
2023-02-17 price ITOT                              205.53 USD
2023-02-17 price VEA                               124.18 USD
2023-02-17 price VHT                               144.69 USD
2023-02-17 price GLD                               145.32 USD
2023-02-24 price VBMPX                             118.19 USD
2023-02-24 price RGAGX                             200.38 USD
2023-02-24 price ITOT                              204.77 USD
2023-02-24 price VEA                               125.15 USD
2023-02-24 price VHT                               146.26 USD
2023-02-24 price GLD                               146.14 USD
2023-03-03 price VBMPX                             116.87 USD
2023-03-03 price RGAGX                             195.56 USD
2023-03-03 price ITOT                              203.79 USD
2023-03-03 price VEA                               125.33 USD
2023-03-03 price VHT                               149.00 USD
2023-03-03 price GLD                               147.12 USD
2023-03-10 price VBMPX                             117.91 USD
2023-03-10 price RGAGX                             196.94 USD
2023-03-10 price ITOT                              201.88 USD
2023-03-10 price VEA                               125.03 USD
2023-03-10 price VHT                               150.82 USD
2023-03-10 price GLD                               147.89 USD
2023-03-17 price VBMPX                             119.83 USD
2023-03-17 price RGAGX                             199.48 USD
2023-03-17 price ITOT                              201.73 USD
2023-03-17 price VEA                               124.33 USD
2023-03-17 price VHT                               151.23 USD
2023-03-17 price GLD                               145.29 USD
2023-03-24 price VBMPX                             121.82 USD
2023-03-24 price RGAGX                             195.62 USD
2023-03-24 price ITOT                              201.35 USD
2023-03-24 price VEA                               123.56 USD
2023-03-24 price VHT                               151.12 USD
2023-03-24 price GLD                               144.80 USD
2023-03-31 price VBMPX                             123.23 USD
2023-03-31 price RGAGX                             199.77 USD
2023-03-31 price ITOT                              202.82 USD
2023-03-31 price VEA                               123.56 USD
2023-03-31 price VHT                               154.24 USD
2023-03-31 price GLD                               145.98 USD
2023-04-07 price VBMPX                             121.44 USD
2023-04-07 price RGAGX                             198.02 USD
2023-04-07 price ITOT                              202.46 USD
2023-04-07 price VEA                               121.76 USD
2023-04-07 price VHT                               153.75 USD
2023-04-07 price GLD                               147.53 USD
2023-04-14 price VBMPX                             123.73 USD
2023-04-14 price RGAGX                             202.11 USD
2023-04-14 price ITOT                              200.82 USD
2023-04-14 price VEA                               122.23 USD
2023-04-14 price VHT                               154.82 USD
2023-04-14 price GLD                               146.82 USD
2023-04-21 price VBMPX                             121.33 USD
2023-04-21 price RGAGX                             207.55 USD
2023-04-21 price ITOT                              199.62 USD
2023-04-21 price VEA                               121.73 USD
2023-04-21 price VHT                               156.41 USD
2023-04-21 price GLD                               146.33 USD
2023-04-28 price VBMPX                             122.46 USD
2023-04-28 price RGAGX                             211.32 USD
2023-04-28 price ITOT                              203.88 USD
2023-04-28 price VEA                               122.10 USD
2023-04-28 price VHT                               158.00 USD
2023-04-28 price GLD                               147.08 USD
2023-05-05 price VBMPX                             120.15 USD
2023-05-05 price RGAGX                             210.86 USD
2023-05-05 price ITOT                              203.61 USD
2023-05-05 price VEA                               122.62 USD
2023-05-05 price VHT                               158.14 USD
2023-05-05 price GLD                               147.05 USD
2023-05-12 price VBMPX                             119.85 USD
2023-05-12 price RGAGX                             217.09 USD
2023-05-12 price ITOT                              205.47 USD
2023-05-12 price VEA                               123.47 USD
2023-05-12 price VHT                               159.24 USD
2023-05-12 price GLD                               145.79 USD
2023-05-19 price VBMPX                             119.73 USD
2023-05-19 price RGAGX                             214.68 USD
2023-05-19 price ITOT                              206.25 USD
2023-05-19 price VEA                               122.92 USD
2023-05-19 price VHT                               162.36 USD
2023-05-19 price GLD                               146.15 USD
2023-05-26 price VBMPX                             120.65 USD
2023-05-26 price RGAGX                             205.97 USD
2023-05-26 price ITOT                              205.10 USD
2023-05-26 price VEA                               124.08 USD
2023-05-26 price VHT                               165.31 USD
2023-05-26 price GLD                               147.59 USD
2023-06-02 price VBMPX                             120.90 USD
2023-06-02 price RGAGX                             207.27 USD
2023-06-02 price ITOT                              207.00 USD
2023-06-02 price VEA                               123.70 USD
2023-06-02 price VHT                               164.98 USD
2023-06-02 price GLD                               148.05 USD
2023-06-09 price VBMPX                             122.50 USD
2023-06-09 price RGAGX                             203.75 USD
2023-06-09 price ITOT                              204.09 USD
2023-06-09 price VEA                               124.27 USD
2023-06-09 price VHT                               163.70 USD
2023-06-09 price GLD                               151.03 USD
2023-06-16 price VBMPX                             125.11 USD
2023-06-16 price RGAGX                             196.96 USD
2023-06-16 price ITOT                              206.10 USD
2023-06-16 price VEA                               123.58 USD
2023-06-16 price VHT                               161.26 USD
2023-06-16 price GLD                               147.94 USD
2023-06-23 price VBMPX                             125.51 USD
2023-06-23 price RGAGX                             191.05 USD
2023-06-23 price ITOT                              205.54 USD
2023-06-23 price VEA                               125.23 USD
2023-06-23 price VHT                               162.30 USD
2023-06-23 price GLD                               147.08 USD
2023-06-30 price VBMPX                             125.20 USD
2023-06-30 price RGAGX                             195.52 USD
2023-06-30 price ITOT                              206.33 USD
2023-06-30 price VEA                               125.17 USD
2023-06-30 price VHT                               162.23 USD
2023-06-30 price GLD                               147.92 USD
2023-07-07 price VBMPX                             123.25 USD
2023-07-07 price RGAGX                             195.56 USD
2023-07-07 price ITOT                              207.70 USD
2023-07-07 price VEA                               125.36 USD
2023-07-07 price VHT                               160.72 USD
2023-07-07 price GLD                               150.72 USD
2023-07-14 price VBMPX                             123.17 USD
2023-07-14 price RGAGX                             196.77 USD
2023-07-14 price ITOT                              209.44 USD
2023-07-14 price VEA                               128.56 USD
2023-07-14 price VHT                               161.76 USD
2023-07-14 price GLD                               150.77 USD
2023-07-21 price VBMPX                             124.67 USD
2023-07-21 price RGAGX                             203.96 USD
2023-07-21 price ITOT                              208.16 USD
2023-07-21 price VEA                               128.45 USD
2023-07-21 price VHT                               162.86 USD
2023-07-21 price GLD                               151.07 USD
2023-07-28 price VBMPX                             123.42 USD
2023-07-28 price RGAGX                             199.86 USD
2023-07-28 price ITOT                              207.10 USD
2023-07-28 price VEA                               131.30 USD
2023-07-28 price VHT                               164.46 USD
2023-07-28 price GLD                               151.98 USD
2023-08-04 price VBMPX                             125.34 USD
2023-08-04 price RGAGX                             206.36 USD
2023-08-04 price ITOT                              207.35 USD
2023-08-04 price VEA                               129.78 USD
2023-08-04 price VHT                               165.30 USD
2023-08-04 price GLD                               152.13 USD
2023-08-11 price VBMPX                             122.82 USD
2023-08-11 price RGAGX                             212.99 USD
2023-08-11 price ITOT                              209.10 USD
2023-08-11 price VEA                               127.42 USD
2023-08-11 price VHT                               165.97 USD
2023-08-11 price GLD                               153.55 USD



* Cash

